2042 2975
900 1 907 28 Ι
992 5 1007 18 *-

213 167 214 170 ‘
252 137 443 221 ‘arraona
464 122 604 219 oran,
622 164 706 240 cra
726 167 752 220 a
849 165 851 174 ‘
876 164 911 221 ar
938 177 944 195 τ

104 271 255 343 Carthago.
291 273 469 336 socerum
486 261 647 334 esttamen,
665 272 700 324 ad
709 270 912 339 profligandam
1009 319 1014 326 .

29 388 34 392 .
100 347 278 416 provinciam
288 344 408 395 maxime
419 342 572 410 profecisse
583 337 916 408 singularenrducissanl

103 418 250 469 stitatem:
280 414 381 479 quippe
404 414 463 479 qui‘
474 413 600 479 captivos
618 428 719 479 pueros
737 414 912 480 ‘puellasque

47 525 61 530 a
101 486 278 556 praecipuae
288 482 505 550 pulchritudinis
517 483 644 538 barbaris
656 484 820 552 restituerit,
836 499 870 534 ne
881 483 912 533 in

104 559 289 620 conspectum
301 553 411 620 quidem
424 568 501 603 soum
514 565 611 619 passus
623 553 735 616 adduci,
755 569 789 605 ne
801 552 866 621 quid
878 552 913 604 de

104 624 281 693 virginitatis
297 623 462 690 integritate
475 624 618 676 delibasse
638 624 738 675 saltem
754 623 799 675 vel
822 623 912 673 oculis
958 645 961 651 ¹

105 695 272 764 videretur.'
293 690 341 756 41„
349 695 429 745 Haeo
439 694 512 744 inter
524 693 632 745 diversa
642 698 780 750 terrarum
792 693 912 760 populus

2 795 11 810 ,
92 761 914 819 Romanus:necideotanrenltaliaevisc'eribuainbaeren·

105 842 167 887 tem
182 848 355 902 summovere
371 840 484 901 poterat
499 835 694 888 Hannibalern.
729 834 865 902 Pleraque
876 830 914 885 ad

104 902 398 967 hostemdelecerant3
410 904 500 955 etdux
507 905 659 956 acerrimus
666 906 912 956 contraRomanos

105 974 217 1031 italicis
228 987 335 1041 quoque
345 974 451 1025 viribus
462 975 603 1027 utebatur.
622 974 734 1027 ‹l2alam
745 982 839 1056 tamep
850 965 913 1034 euni

103 1045 250 1113 plerisque
262 1043 370 1111 oppidis
383 1052 410 1096 et
418 1044 585 1113 regionibus
596 1059 819 1097 excusseramus:
855 1045 914 1095 iam

102 1115 248 1168 Tarentus
266 1115 302 1165 ad
317 1130 369 1166 nos
384 1114 523 1167 redierat:
545 1115 602 1165 iarn
619 1122 647 1166 et
659 1115 769 1183 Capua,
792 1113 871 1167 redes
883 1120 914 1166 et

104 1187 202 1254 patria
214 1185 306 1237 altera
323 1183 505 1256 Hannibalis,
523 1185 685 1239 tenebatur:
708 1183 784 1238 cuius
797 1184 914 1240 amissio

106 1262 217 1308 tantum
228 1256 322 1308 Poeno
334 1256 397 1307 duci
408 1256 534 1309 dolorem
546 1255 637 1319 dedit,
653 1256 759 1309 atinde
770 1257 839 1328 totis
849 1256 917 1322 airi‘·¹
958 1301 960 1304 .

5 1355 12 1360 -
87 1326 162 1394 sbus
173 1328 290 1378 Romam
304 1333 520 1380 converteretur.
555 1325 599 1380 43.
618 1327 914 1395 Opopulumdignum

105 1397 187 1449 orbis
199 1397 329 1463 imperi03
344 1397 464 1465 dignum
481 1398 604 1449 omnium
617 1395 728 1461 favore,
750 1404 778 1451 et
795 1395 915 1448 admira-

96 1469 188 1521 tione
207 1465 348 1519 hominum
370 1482 403 1520 ae
416 1466 548 1520 deornml.
565 1468 731 1535 compulsus
747 1467 783 1519 ad
799 1468 914 1519 ultimos

106 1546 201 1593 metus
215 1540 249 1590 ab
266 1540 449 1604 inceptonon
461 1539 581 1589 destitit:
604 1539 676 1590 etde
688 1538 822 1590 soaUrbe
837 1537 915 1603 solli·

100 1612 311 1676 'cituscapn'am
321 1614 481 1659 tamennon
494 1608 601 1670 omisit3
613 1604 671 1668 sed,
679 1604 761 1675 parte
774 1609 914 1673 exercitus
926 1638 931 1645 ·

107 1682 161 1734 sub
170 1681 259 1748 Appio
271 1679 392 1731 Consule
406 1677 520 1738 relicta,
541 1682 622 1744 parte
632 1676 764 1729 Flaccum
774 1676 803 1727 in
817 1678 915 1731 urbem

107 1758 242 1818 sequuta,
263 1752 363 1803 absens
377 1749 461 1800 simul
478 1758 665 1816 praesensque
682 1747 834 1817 pugnabat.
859 1748 925 1811 Ad„

101 1821 189 1883 Quid
197 1836 264 1889 ergo
281 1820 426 1883 miramur,
449 1819 574 1887 moventi
589 1824 708 1872 castraa
719 1820 802 1872 tortio
819 1817 917 1888 lapide
956 1854 960 1858 -

50 1906 53 1915 ‘
108 1887 263 1944 Hannibali
272 1891 375 1942 iterum
387 1893 463 1958 ipsos
475 1893 555 1955 deos,
574 1892 642 1961 dens
653 1892 779 1959 inquam,
796 1896 863 1954 (nec
875 1888 917 1954 la-

105 1963 166 2013 teri
177 1962 308 2027 pudebit)
318 1963 475 2015 restitisse?
511 1960 555 2014 45.
576 1964 668 2013 Tanta
676 1963 756 2021 ,enim
772 1961 809 2012 ad
824 1960 918 2029 singu·

108 2029 154 2092 los
164 2032 345 2083 illius'motus
358 2033 541 2085 sisimbrium
554 2028 642 2084 elibsa
657 2028 717 2095 est,
730 2038 809 2083 tanta
820 2036 918 2084 vento·
1000 2056 1002 2060 ·

108 2116 172 2154 rum
180 2102 320 2154 'violentia
330 2108 441 2164 coorta,
454 2108 485 2153 ut
497 2103 632 2154 divinitus
641 2102 750 2157 hostem
761 2114 919 2154 summove-

108 2171 144 2234 ri,
155 2188 207 2224 nec
217 2173 307 2235 coelo,
323 2173 373 2225 sed
384 2173 420 2224 ab'
429 2173 511 2226 Urbis
522 2174 531 2223 i
552 2174 610 2231 sius
621 2174 776 2239 moenibus,
796 2174 824 2236 bt
835 2170 919 2238 ¹Capi-

64 2268 66 2272 ·
110 2243 181 2297 tolio
194 2243 432 2296 ‘ferrinideretun
451 2285 453 2288 .
468 2243 517 2313 lo,
532 2190 617 2312 §ogit
635 2250 663 2296 et
675 2244 760 2296 cessit
773 2249 801 2295 et
812 2244 840 2293 in
851 2241 929 2303 ulti·¹

106 2327 186 2380 anum
197 2329 228 2366 se
240 2313 343 2370 ltaliae
353 2314 460 2380 recepit
471 2313 577 2376 sinum,
600 2326 683 2380 quum
694 2312 795 2365 Urbem
807 2318 924 2363 tantumv

110 2398 168 2436 non
176 2384 324 2441 adoratam
334 2384 505 2450 reliquisset.
542 2385 585 2436 4⁷.
607 2384 755 2436 Parvarns
766 2382 851 2445 dictu,
867 2380 919 2433 sed

78 2470 80 2475 ·
109 2452 147 2506 ad
156 2455 419 2523 magnanimitatem
431 2453 652 2521 populiRomani
663 2452 833 2518 probandam
847 2451 919 2523 satip

63 2558 70 2585 ,
111 2522 226 2577 efficax:
249 2525 322 2591 quod
336 2524 394 2575 illis
405 2524 483 2591 ipsis,
495 2524 604 2590 quibas
615 2522 804 2593 obsidebatur,
820 2521 919 2581 diebus
980 2572 985 2587 κ

111 2602 190 2660 ager,
210 2598 294 2660 quein
303 2594 446 2648 Hannibal
456 2594 558 2644 castris
570 2590 724 2664 idsederat,
746 2590 854 2641 venalis
865 2588 920 2636 Ro·

113 2674 176 2716 mae
196 2664 265 2725 fuit,
294 2663 447 2730 hastaeque
467 2663 609 2713 subiectus
629 2661 736 2712 invenit
757 2662 927 2735 emptorem(

116 2731 158 2787 48.
174 2733 275 2789 Voluit
285 2734 430 2788 Hannibal
441 2738 539 2786 contra
549 2730 678 2809 fiduciam
688 2727 795 2780 imitari
800 2740 809 2789 3
829 2723 923 2775 subre-

968 2806 1002 2890 λι
