2042 2975
161 32 196 83 bs
425 30 662 96 nornorrr

991 90 993 122 l

161 132 369 204 liaepllocavit.
398 132 556 184 Armeniam
568 129 704 182 aPartbis
714 131 833 198 recepit:
857 132 965 185 obss>
986 127 993 139 ⁴

161 197 223 262 des,
232 199 331 266 (quod
343 200 411 254 nulli
422 203 532 262 antea,)
545 200 645 251 Persae
657 203 681 252 ei
693 200 844 252 dederunt:
868 202 942 253 red·
993 257 994 274 χ

161 269 291 326 diderunt
306 272 390 321 etiam
406 271 485 337 signa
494 271 631 333 Romana,
652 285 723 335 quae
735 270 833 320 Crasso
853 273 939 322 victo
993 277 995 330 ἒ,

159 338 330 390 ademerant.
986 351 995 428 p

174 463 179 470 ,
212 409 259 458 Ca
272 423 295 472 p.
314 406 348 457 X.
374 404 494 474 Scythae
505 412 535 458 et
545 405 613 469 ludi,
624 407 724 474 quibus
733 411 817 458 antea
826 406 938 458 Roma·

158 491 258 527 norum
276 491 374 526 nomen
384 477 554 541 incognitum
566 476 669 538 iuerat,
685 490 802 527 munera
811 482 841 526 et
852 476 935 543 lega·

157 551 203 596 tos
209 546 244 596 ad
255 559 316 594 eum
328 544 472 608 miserunt.
493 544 605 612 Galatia
616 560 726 612 quoque
736 545 787 595 sub
799 542 852 595 boe
864 559 934 610 pro-

158 616 249 665 vincia
265 611 340 661 sacta
354 616 411 674 est,
432 628 494 662 oum
512 620 596 665 antea
611 630 727 680 regnum
739 614 851 674 fuisset;
874 615 935 679 pri-

158 696 274 748 musque
282 695 341 730 uam
347 677 386 730 Μ.
393 679 502 732 Lollius
512 697 563 751 pro
575 689 704 748 praetore
714 683 933 736 administrarit.

159 752 252 801 'l'anto
267 754 359 799 autem
376 765 471 801 amore
486 754 570 811 etiam
581 751 653 817 apud
663 752 797 802 barbaros
808 750 876 812 fuit,
898 755 934 801 ut
996 753 997 756 ’

140 821 141 824 ’
160 834 255 885 reges,
266 818 360 884 populi
373 820 487 870 Romani
498 822 593 882 amici,
609 821 637 870 in
649 818 782 871 honorem
794 822 853 871 eins
863 834 932 870 eon-

160 889 261 939 derent
271 887 405 950 civitates,
414 905 482 955 quas
494 891 645 942 Caesareas
656 892 844 951 nominarent3
856 890 933 938 sieut

158 959 188 1009 in
201 957 372 1008 Mauritania
385 973 477 1025 aroge
489 959 570 1023 luba,
585 966 614 1011 et
623 962 650 1010 iu
662 958 835 1019 Palaestina,
856 972 932 1024 quae

59 1025 63 1034 “
160 1043 233 1078 nunc
254 1027 319 1077 urbs
335 1032 377 1077 est
392 1027 554 1080 clarissima.
592 1030 675 1079 Multi
691 1034 784 1079 autem
801 1040 931 1093 regesex
998 1045 999 1089 }

159 1098 254 1162 regnis
271 1096 329 1144 suis
339 1104 475 1164 venerunt
481 1133 489 1158 ,
511 1104 543 1145 ut
554 1099 579 1148 ei
590 1099 822 1163 obsequerentur:
842 1105 871 1145 et
882 1093 930 1145 ba·

159 1164 221 1218 bitu
241 1163 387 1223 Romano„
404 1166 493 1228 togati
512 1164 631 1225 seilicet,
651 1166 687 1215 ad
707 1163 863 1216 vehiculum
885 1162 928 1214 rel

161 1245 262 1300 equum
271 1230 358 1294 ipsius
369 1239 562 1282 cucurrerunt.
599 1233 724 1282 Moriens
735 1232 822 1282 Divus
833 1231 929 1296 appel·

128 1322 145 1344 ι
162 1299 236 1348 latus
247 1302 298 1363 est.
325 1295 392 1347 Rem
397 1297 535 1363 publicam
545 1300 734 1350 beatissimam
746 1301 857 1349 Tiberio
868 1315 931 1350 sue·

99 1381 150 1421 nu.
161 1367 263 1422 eessori
274 1364 398 1434 reliquit:
420 1368 467 1436 qui
481 1369 623 1435 privignus
638 1369 677 1436 ej,
688 1382 753 1418 mox
767 1380 861 1435 gener,
881 1381 932 1432 po·

100 1438 151 1508 755
164 1442 267 1503 stremp
276 1435 513 1502 adoptionetilius
525 1437 626 1493 fuerat.
658 1486 660 1490 ,

100 1523 154 1558 nc.
193 1500 301 1577 'Cap
320 1506 368 1559 Xl.
389 1504 466 1570 (Vl.)
502 1507 786 1575 ninantusingenti
801 1504 930 1557 socordia

118 1596 144 1631 n.
163 1577 310 1644 imperium
321 1578 421 1643 gessit,
432 1579 514 1645 grani
522 1580 703 1642 erudelitate,
714 1577 832 1629 scelesta
843 1578 930 1626 arari.

109 1650 150 1701 ab
166 1649 219 1710 tia,
240 1649 315 1713 turpi
327 1646 450 1697 libidine.
485 1646 557 1697 Nam
569 1663 703 1714 nusquam
714 1648 773 1709 ipse
784 1646 926 1710 pugnarita

162 1717 237 1771 bella
248 1730 296 1780 per
307 1713 415 1778 legatos
424 1728 490 1763 suos
500 1717 599 1779 gessit:
622 1712 754 1780 quosdam
766 1727 859 1778 reges,
879 1728 928 1779 per

161 1784 312 1838 blanditias
324 1782 358 1829 ad
369 1795 398 1831 se
409 1786 698 1847 evocatos,nunquam
709 1782 823 1843 remisit,
834 1783 859 1832 in
871 1785 928 1849 qui·

160 1847 385 1913 busAr·ohelaum
398 1847 607 1913 Cappadocem,
627 1851 705 1899 orius
718 1846 801 1900 etiam
813 1865 926 1917 regnum

160 1920 190 1989 ib
200 1917 356 1991 prpvineiae
368 1916 486 1969 formam
498 1916 618 1984 redegit,
639 1925 668 1968 et
678 1921 825 1970 maximam
837 1921 926 1970 cirita.

160 1982 220 2054 te'rn
228 1985 366 2052 appellari
377 1986 487 2039 nomine
497 2000 549 2036 suo
560 1987 658 2055 iussit,
669 2003 738 2055 quae
749 2004 821 2039 nuno
833 1989 925 2040 Caesa·

160 2073 211 2109 rea
222 2056 333 2119 dieitur,
344 2060 406 2106 tum
417 2055 534 2123 Mazaca
543 2061 628 2107 antea
638 2061 791 2123 vocaretur.
811 2055 925 2106 Hie'ter-

100 2143 153 2180 η.
163 2125 206 2193 tio
215 2130 243 2187 et
254 2124 384 2193 vigesimo
394 2124 503 2190 imperii
514 2140 601 2188 amno,
615 2126 716 2177 aetatis
725 2125 923 2191 septuagesimo

116 2217 143 2250 n.
161 2201 273 2255 octavu,
299 2194 405 2260 ingenti
424 2190 547 2245 omnium
566 2195 669 2263 gaudio
690 2200 818 2247 mortuus
838 2199 880 2244 est
896 2196 923 2245 iu

117 2270 150 2330 37
167 2262 325 2330 Campania.
506 2322 511 2331 .
679 2274 684 2291 ·

216 2334 265 2383 Ca
276 2347 301 2397 p.
320 2329 380 2383 Xll.
400 2328 491 2395 (Vll.)
529 2328 669 2384 Successit
689 2332 715 2383 ei
736 2344 837 2384 citus
856 2343 923 2384 ena·

163 2414 236 2463 sin,
262 2407 446 2468 cognomento
468 2414 660 2465 camboni,
686 2400 787 2465 Drusi,
811 2399 922 2468 prin’gni

162 2469 292 2537 Augusti,
312 2475 340 2520 et
352 2466 437 2534 ipsius
448 2468 555 2520 Tiberii
572 2487 670 2538 nepos;
691 2470 920 2529 sceleratissimus,

164 2553 197 2613 ao
217 2537 436 2615 fullamma&
455 2540 553 2611 etqui
573 2542 658 2613 etiam
668 2541 775 2595 Tiberii
790 2539 919 2597 dedecora
