2042 2975
334 78 484 133 LIBER
511 80 580 134 vll.
804 78 838 133 55

46 185 181 239 soribus
198 185 271 237 enim
283 184 409 236 Caesaris
424 191 539 237 senatus
550 183 668 237 favebat.
702 186 839 237 Antonius
848 198 899 236 sn.

50 257 135 308 eos.
149 256 276 321 partium
288 254 428 316 Caesaris,
449 255 669 318 civilibus-bellis
680 257 837 322 opprimere
850 260 899 324 708

50 339 110 384 eos
122 324 296 374 conabatur.
332 324 406 389 Ergo
416 326 530 375 turbata
540 324 685 390 republica
694 326 782 375 multa
787 326 840 376 llu-

49 395 164 445 tonius
176 392 287 443 seelera
298 394 485 455 committens,
502 399 629 445 asenatu
640 392 728 444 hostis
738 394 840 446 iudica·

50 468 108 513 tus
132 467 191 513 est.
228 461 307 512 Missi
321 461 356 512 ad
372 477 434 512 eum
450 462 672 531 persequendum
683 463 738 513 duo
749 475 900 514 cossas.

51 530 164 583 Pausa
176 535 207 581 et
216 530 337 591 Hirtius,
347 535 377 581 et
387 527 554 582 Octavianus
565 531 743 593 adolescens,
753 546 840 586 annos
851 549 900 603 709

54 615 79 651 x
92 605 127 651 et
137 613 211 650 vrrr
222 604 317 659 natus,
338 600 463 650 Caesaris
478 615 577 665 nepos,
598 616 679 668 quem
695 600 744 652 ille
758 607 853 656 testo.

57 673 168 721 mento
186 666 315 720 heredem
331 667 497 735 reliquerat,
516 676 546 720 et
560 683 660 721 nomon
675 684 755 721 suum
767 668 842 720 ferre

59 740 204 788 iusserat.
239 738 293 787 Hie
305 743 361 799 est,
372 739 419 804 qui
431 743 530 803 postea
539 739 679 805 Augustus
689 745 733 790 est
743 738 843 801 dietus,

61 814 95 859 et
105 821 206 857 rerum
217 809 331 871 potitus.
351 806 578 872 erareprofeeti
588 809 842 859 eontradntonium

56 882 129 927 tres
140 875 241 936 duces,
251 878 378 926 vicerunt
386 890 459 926 eum.
496 877 596 927 Evenit
606 882 707 940 tannen,
717 883 750 927 ut
758 879 843 927 ricto·

63 959 117 995 res
129 956 223 993 coss.
235 944 317 993 ambo
331 948 516 998 morerentur.
534 945 629 1006 Quare
635 952 693 998 tres
703 947 844 997 exereitus
876 945 879 952 '

65 1013 120 1064 uui
131 1013 249 1064 Caesari
256 1012 381 1079 Augusto
391 1019 551 1078 paruerunt

124 1082 146 1131 G
157 1095 175 1130 a
185 1095 210 1146 p.
229 1081 263 1132 ll.
299 1077 424 1148 Fugatus
435 1083 582 1144 Antonius,
593 1081 695 1132 amisso
707 1080 845 1144 exercitu,

68 1149 201 1215 eonfugit
215 1149 250 1200 ad
261 1149 409 1216 Lepidum,
429 1151 476 1218 qui
488 1151 615 1202 Caesaris
627 1151 759 1217 magister
769 1152 843 1217 equi-

69 1226 132 1269 tum
144 1216 251 1280 fuerat,
270 1225 299 1270 et
314 1225 380 1270 tuoe
390 1221 484 1285 copias
499 1220 619 1270 militum
630 1218 749 1287 grandes
761 1217 844 1271 habe

70 1289 135 1350 bat3
155 1302 173 1337 a
192 1301 247 1355 quo
268 1294 411 1354 susceptus
425 1294 483 1346 est.
521 1290 589 1341 Mox
604 1289 709 1355 Lepido
730 1304 843 1355 operam

72 1357 173 1419 dante,
195 1359 298 1409 Caesar
313 1373 374 1408 eum
385 1360 507 1411 Antonio
518 1374 613 1425 pacem
626 1358 704 1421 feeit,
724 1365 753 1409 et
763 1361 844 1426 quasi

69 1424 266 1476 :vindicaturus
287 1429 433 1494 patrissui
449 1434 582 1493 mortem,
601 1445 619 1480 a
632 1442 687 1498 quo
700 1442 750 1495 per
759 1433 843 1481 testa·

71 1501 201 1546 euentum
219 1494 311 1549 fuerat
325 1497 624 1563 adoptatus‚‘Romanr
640 1513 701 1550 oum
718 1501 844 1551 exercitu

78 1562 236 1630 profectus,
256 1568 389 1628 extorsit,
407 1573 440 1616 ut
457 1568 509 1618 sibl
531 1584 575 1620 xx
589 1583 662 1619 anno
682 1567 844 1619 consulatus

78 1633 203 1684 daretur.
212 1654 215 1661 ⁴
223 1631 355 1687 Senatum
368 1640 542 1705 proscripsit,
551 1653 613 1688 oum
624 1636 745 1686 Antonio
755 1642 784 1687 et
794 1637 845 1688 Le-

76 1702 156 1821 pido,
175 1707 204 1753 et
222 1704 423 1770 rempublicam
441 1710 527 1758 armis
542 1714 639 1758 tenere
647 1707 754 1771 eoepit
789 1703 845 1756 Per

21 1772 34 1783 ’“
102 1772 223 1891 offlam
235 1774 333 1826 Cicero
348 1774 844 1842 oratoroccisusest,pmultiquealii
892 1788 894 1795 ·

17 1868 19 1873 ’
80 1852 145 1893 hol
187 1877 194 1891 .
321 1886 325 1895 ,

76 1946 80 1949 -
133 1911 214 1976 Cap.
232 1911 281 1963 Ill.
300 1910 358 1975 (11.)
393 1912 505 1966 Interea
516 1916 622 1967 Brutus
633 1913 792 1974 etCassius,
803 1914 844 1963 in-

82 1977 243 2031 terfectores
269 1982 410 2044 Caesaris,
426 1986 534 2050 ingens
554 1984 657 2034 bellurn
684 1988 905 2037 moretonium

80 2049 236 2099 erudierim
248 2051 672 2115 perMaoedoniametOrientem
681 2051 906 2126 nulnum-710

84 2118 166 2177 edus,
183 2132 253 2184 quos
268 2129 480 2186 ‹recupaverant
517 2121 639 2175 Profecti
650 2123 736 2189 igitur·
746 2128 845 2172 contra

86 2198 133 2237 eos
145 2186 242 2237 Caesar
262 2190 430 2241 Octavianus
449 2192 590 2257 Augustus
610 2198 638 2243 et
660 2193 697 2242 Μ.
709 2192 845 2242 Antonius

82 2256 845 2324 *demerserete'nimaddefendendamltaliamLepidus)

83 2323 157 2388 *apud
167 2316 315 2392 Philippos,
325 2327 507 2382 Macedoniae
519 2332 623 2388 urbem,
634 2335 730 2380 eontra
740 2343 789 2378 eos
800 2345 847 2396 pu-

91 2400 244 2457 gnaverunt.
280 2393 375 2445 Primo
391 2395 498 2460 proelio
514 2399 577 2447 vieti
594 2402 660 2447 sunt
670 2399 806 2449 Antonius
817 2404 847 2451 et

92 2461 197 2522 Caesam
216 2463 300 2527 periit
316 2467 407 2513 tamen
422 2465 478 2514 dux
494 2466 649 2515 nobilitatis
660 2467 785 2516 Cassius:
804 2483 846 2518 se·
888 2524 895 2529 p

91 2528 175 2578 eundo
184 2526 302 2582 Brutum
314 2537 344 2582 et
354 2532 490 2592 inlinitum
501 2534 690 2595 nobilitatem,
702 2550 846 2602 quaecum

91 2596 252 2651 illisbellum
260 2606 402 2669 gesserat,
410 2603 731 2669 rietamintersecerunt
757 2604 846 2654 Assio
