2042 2975
332 181 338 190 ,
364 128 514 183 LIBER
542 127 608 183 vll.
836 130 872 183 03

26 293 34 297 ,
98 238 180 289 tione
197 231 359 298 contemsit,
378 236 405 285 in
416 242 516 287 senatu
526 234 641 298 dixerit,
661 242 711 287 eet
723 231 800 305 'filies
819 233 871 287 siti
949 273 953 276 -

99 313 286 367 successuros,
298 313 347 358 aiat
357 304 495 355 oerrrinem.

155 377 176 426 C
187 391 204 425 a
216 391 241 441 p.
259 373 335 425 xxi.
355 373 452 435 (XlV.)
470 373 557 423 rHuic
568 387 671 424 mirus
682 373 755 424 lilius
766 384 932 430 succes-rr.

96 446 148 506 sit,
160 446 207 511 qui
219 444 315 508 etipse
328 443 514 507 Vespasianus
526 447 570 493 est
580 443 682 506 dictus3
694 445 736 493 vir
749 445 870 493 omnium
889 462 915 495 s.

98 516 239 564 virtutum
258 527 359 579 genere
381 511 514 560 mirabilis
534 512 618 574 adeo,
638 519 670 562 ut
686 527 762 563 arnor
773 515 800 563 et
811 512 873 563 deli·
890 515 934 580 78,

97 582 165 632 cirre
174 580 283 632 hrrinam'
289 578 400 649 generis
411 579 559 630 diceretur.
578 579 601 631 F
603 581 874 643 acundissimus,bel·

100 650 299 711 licosissimus,
316 649 567 701 moderatissimus:
590 664 687 701 causas
698 649 785 701 latine
802 652 874 718 egitg

101 724 235 785 poemata
245 725 274 769 et
283 718 442 784 tragoedias
452 733 554 783 graece
564 721 726 785 composuit.
745 720 775 770 ln
787 734 874 787 oppu-

102 790 238 855 gnatione
247 785 526 860 Hieruquymorum,
536 785 587 837 su'b
598 796 677 852 patre
689 788 810 839 militans
822 802 873 841 κη

104 861 327 923 propugnatores
338 870 388 905 xrr
399 858 563 921 sagittarum
576 858 675 907 ictibus
686 860 807 909 conlisit.
818 859 873 908 Ro·

105 942 171 977 mae
190 930 286 975 tantae
306 925 445 974 civilitatis
463 926 491 973 in
508 926 625 991 imperio
637 925 700 989 luit,
721 934 754 977 ut
764 927 873 977 nullum

103 996 220 1045 omnino
232 994 353 1059 puniretr
370 994 509 1044 convictus
520 994 665 1043 adversum
677 1012 737 1046 sese
749 998 874 1046 coniura-

103 1066 190 1115 tionis
202 1066 242 1113 ita
253 1063 399 1123 dimiserit,
412 1070 442 1113 ut
452 1064 481 1112 iu
493 1062 590 1113 eadem
603 1062 807 1125 familiaritate,
819 1078 874 1131 qua

101 1140 199 1195 antea,
212 1131 349 1183 habuerit.
386 1131 543 1184 Facilitatis
554 1138 582 1183 et
591 1129 767 1183 liberalitatis
777 1139 875 1185 tantae

102 1203 171 1265 fuit,
191 1212 234 1265 ut,
255 1217 316 1252 eum
332 1199 401 1252 nulli
413 1201 562 1269 quidquam
575 1208 704 1269 negaret,
724 1201 796 1255 etab
808 1203 875 1254 ami·
939 1227 945 1236 ν

105 1275 145 1322 cis
155 1271 422 1339 reprehenderetur,
438 1272 630 1337 responderit,
651 1274 753 1324 niellam
765 1272 875 1325 tristem

104 1341 198 1396 dedere
218 1341 251 1393 ab
270 1341 436 1408 imperatore
456 1339 589 1392 discedere
596 1357 607 1400 ;
630 1348 790 1407 praeterea,
811 1357 874 1392 cum

104 1411 224 1476 quodam
236 1410 280 1462 die
295 1413 323 1460 in
335 1424 428 1470 ¹coena
443 1410 606 1461 recordatus
623 1411 737 1475 fuisset,
758 1409 826 1462 nihil
843 1426 874 1462 se

103 1480 154 1530 illo
166 1480 210 1530 die
220 1482 345 1545 culquam
357 1479 540 1557 praestitisse,
549 1480 662 1532 dixeritt
683 1480 778 1545 criniri,
797 1478 875 1532 hodie

105 1548 175 1597 diem
188 1547 303 1613 perdidi,
339 1549 393 1599 Hie
408 1549 512 1601 Romae
527 1549 763 1617 amphitheatrum
779 1550 874 1601 aediti·

106 1617 192 1678 cavit,
214 1620 243 1665 et
262 1619 383 1684 quinque
402 1616 490 1669 millia
509 1620 634 1671 ferarum
649 1621 679 1668 in
700 1618 874 1671 dedicatione

105 1684 286 1735 eiusoecidit.
315 1750 316 1753 Ἴ
824 1713 826 1719 -

159 1754 242 1819 Cap.
261 1752 348 1806 XXll.
368 1754 932 1818 Perhaecinusitatulavoredilectus,ee,

105 1823 201 1874 morbo
213 1825 296 1889 periit
305 1826 332 1874 in
344 1841 390 1887 ea,
401 1842 457 1893 qua
467 1834 556 1892 pater,
567 1824 640 1889 villa,
651 1833 713 1893 pest
723 1827 872 1889 biennium,
889 1845 915 1876 n.

103 1907 214 1944 menses
225 1898 301 1956 octo,
313 1894 372 1946 dies
382 1908 432 1957 xx,
443 1907 525 1963 quani
538 1899 687 1964 imperator
697 1902 759 1949 erat
770 1896 869 1958 lactus,
884 1900 914 1948 81

105 1964 207 2012 aetatis
220 1977 293 2013 anno
308 1963 401 2015 altero
416 1972 446 2016 et
456 1967 676 2034 quadragesimo.
712 1968 820 2017 Tantus
832 1964 873 2015 lu·

105 2035 167 2080 ctus
178 2042 210 2081 eo
222 2037 331 2083 mortuo
343 2033 469 2100 publicus
481 2034 542 2097 tuit,
553 2043 584 2085 ut
594 2050 689 2088 ornnes
701 2041 831 2103 tanquam
842 2037 872 2086 in

104 2101 216 2165 propria
227 2094 370 2154 doluerint
378 2103 510 2155 orbitate.
547 2102 678 2168 Senatus,
691 2107 768 2158 obitu
784 2107 871 2170 ipsius

105 2170 177 2219 circa
189 2181 334 2235 vesperam
351 2174 493 2234 nuntiato,
514 2181 595 2225 nocte
605 2177 706 2242 irrupit
717 2177 744 2225 in
756 2178 871 2236 curiam,

18 2302 22 2307 ᾖ
104 2242 132 2288 et
149 2244 242 2290 tantas
263 2239 288 2288 ei
310 2244 419 2291 mortuo
435 2241 533 2293 laudes
547 2244 708 2311 gratiasque
724 2245 871 2309 congessit,

104 2314 219 2374 quantes
240 2322 291 2358 nec
311 2310 372 2360 viro
394 2326 515 2379 unquam
526 2319 635 2379 egerat,
655 2329 707 2364 nec
720 2313 870 2378 praesenti.

102 2375 445 2443 luterdiyosrelutusest.
535 2434 538 2438 A
659 2436 661 2438 ,
691 2404 693 2407 ·
735 2389 738 2393 ’

152 2446 237 2510 Cap.
256 2445 358 2496 XXlll.
377 2447 463 2510 (XV.)
490 2454 870 2517 oo'ururrnusmoxacee-

102 2514 142 2578 pit
151 2514 315 2577 imperium,
326 2513 414 2565 frater
424 2517 510 2582 ipsius
519 2520 625 2567 iunior:
636 2517 750 2579 Neroni,
760 2523 808 2567 aut
819 2519 869 2565 ca-

102 2580 218 2648 ligulae,
229 2576 401 2635 autsl'iherio
412 2586 538 2647 similior,
550 2602 631 2652 quam
641 2589 723 2651 patri,
732 2582 870 2635 tel-fratri

104 2660 162 2703 suo.
199 2648 302 2699 Primis
320 2657 414 2705 tamen
435 2656 515 2705 amris
530 2655 691 2707 eruderatus
705 2647 868 2715 iniimpcrio
