2042 2975
151 123 183 222 r}
297 205 300 210 .
415 139 650 212 uuruoru

89 267 145 310 er:
151 257 273 324 expulsis
283 259 408 328 regom,
418 273 507 314 coss.
517 260 551 313 L.
560 260 655 313 lunius
666 258 782 324 Brutus,
798 260 845 328 qui
855 273 913 313 ms·

89 330 139 381 245
149 328 222 379 xime
233 334 341 396 egerat,
359 334 392 379 ut
401 331 567 398 Tarquinius
578 330 744 396 pelleretur,
760 335 789 381 et
797 332 913 397 Tarqui·

152 398 213 447 nius
224 398 393 460 Collatinus,
411 395 527 452 maritus
537 399 694 451 Lucretiae.
714 434 717 438 f
730 396 785 449 Sed
795 400 924 467 Tarqui·'

150 467 197 517 nio
206 466 345 522 Collatino
355 468 449 518 stetim
460 469 572 521 sublate
582 467 702 534 dignitas
712 472 763 519 est.
799 466 912 519 Placue-

150 541 196 588 ret
206 536 292 599 enim,
312 537 499 604 nequisquam
510 539 539 587 in
549 537 618 588 urbe
629 541 767 598 maneret,
786 536 833 603 qui
844 538 913 589 ‘lirr-

150 605 261 672 q'uinius
270 611 425 669 vocaretur.
447 608 523 674 Ergo
533 611 647 671 accepto
659 605 733 655 omni
743 607 913 670 patrimonio

149 687 215 740 suo,
236 673 348 739 esurire
360 674 501 741 migravit,
520 680 550 727 et
569 673 631 725 loco
651 674 738 739 ipsius
759 672 850 723 fectus
871 680 914 725 est

148 737 276 792 Valerius
287 735 431 793 Publicola
441 744 547 795 consul.
569 744 639 806 (lx.)
655 739 810 793 commorit
820 743 914 794 tumen

148 808 253 862 bellum
265 810 328 860 urbi
338 810 441 863 Romae
453 811 501 864 r'ox
512 811 698 878 Tarquinius,
707 812 755 878 qui
766 807 858 862 iuerat
868 824 914 861 ex:

149 878 262 946 pulsus,
276 882 305 930 et
314 877 439 932 collectis
450 882 544 932 multis
553 882 696 951 gentibus,
716 880 786 931 utin
796 880 916 947 regnum

148 953 243 1016 posset
252 949 538 1014 restitui,dimic'arit
629 958 633 964 '
774 967 777 974 ’
811 953 813 960 ’

101 1031 104 1038 ·
202 1013 284 1083 Cap.
303 1019 338 1069 Χ
374 1020 406 1070 ln
422 1024 512 1087 prima
527 1032 619 1087 pugna
632 1019 737 1068 Brutus
756 1014 917 1078 concub-et

150 1085 253 1146 llruns,
274 1086 421 1153 'Tarquinii
441 1088 529 1148 iilius,
548 1090 576 1136 in
597 1087 684 1137 ricem
705 1085 915 1137 seocciderunt.

150 1153 270 1210 Romani
284 1157 377 1214 temen
392 1169 426 1205 ex
441 1169 474 1204 ea
488 1167 581 1220 pugna
595 1156 716 1204 victores
729 1159 915 1205 recesserunt.

149 1215 268 1272 Brutum
273 1220 413 1272 Romanae
418 1227 572 1282 matronae,
580 1221 753 1271 defensorem
764 1222 915 1287 pudicitiae

150 1285 234 1351 sune,
250 1293 328 1355 quusi
340 1304 511 1341 communem
525 1296 645 1356 patrem,
663 1301 826 1353 perannum
837 1289 916 1340 luxe-

88 1375 140 1417 ιιι,
150 1362 225 1425 runt.
253 1358 382 1409 Valerius
393 1358 535 1409 Publicola
546 1357 591 1423 Sp.
602 1356 764 1407 Lucretium
775 1355 916 1421 Tricipiti-

89 1433 140 1487 246
151 1441 216 1478 num
233 1426 370 1501 collegam
385 1425 437 1477 sibi
448 1426 531 1489 iecit,
550 1420 704 1478 Lucretiae
718 1430 839 1492 patrem3
859 1425 915 1490 quo

150 1497 247 1549 morbo
259 1504 383 1561 mortuo,
399 1498 501 1549 iterum
511 1497 661 1548 Horatium
671 1494 822 1546 Pulvillum
832 1493 930 1544 colle-¹

112 1601 129 1615 .-
150 1580 213 1636 gam
225 1568 277 1619 sibi
292 1570 399 1620 sumsit
433 1568 477 1619 lto
490 1567 596 1634 primur
612 1580 699 1617 annus
714 1566 835 1632 quinque
850 1576 914 1613 con·

150 1638 226 1689 sules
237 1636 345 1698 habuit,
360 1651 422 1686 cum
433 1638 602 1700 Tarquinius
614 1634 768 1683 Collatinus
778 1633 847 1682 urbe
857 1644 915 1682 ces·

149 1709 233 1759 sisset
247 1709 359 1770 propter
370 1715 483 1761 nonren,
493 1702 599 1751 Brutus
610 1700 717 1765 proelio
727 1698 854 1766 perisset,
865 1697 912 1769 Sp.

148 1774 295 1829 hucretius
307 1770 403 1820 morbo
414 1773 541 1818 mortuus
552 1773 635 1820 esset.
770 1819 772 1823 ,

164 1874 167 1879 -
202 1843 283 1904 cap.
302 1838 350 1889 Xl.
370 1836 433 1900 (X)
469 1834 597 1887 Secundo
608 1850 717 1904 quoque
727 1848 800 1888 enno
810 1836 913 1890 iterum

148 1908 332 1975 Tarquinius,
342 1911 374 1957 ut
383 1906 555 1971 reciperetur
563 1907 591 1955 in
603 1916 733 1972 regnum,
743 1905 847 1957 bellum
859 1909 914 1959 Ro·

148 1978 238 2031 menis
249 1975 350 2038 intulit,
357 1974 490 2026 auxilium
502 1974 528 2025 ei
539 1972 647 2025 ferente
657 1973 911 2037 Porseanuseiae

148 2060 230 2113 rege;
241 2051 269 2097 ct
278 2040 392 2096 Rome‘m
404 2056 493 2110 poene
503 2044 585 2114 cepit.
612 2040 714 2093 Verum
721 2049 791 2093 tune
801 2052 911 2112 quoque

87 2118 239 2173 ¹eravimus
258 2120 309 2166 est.
345 2115 441 2165 Tertio
457 2126 530 2165 anno
543 2118 607 2181 post
621 2118 702 2177 reges
720 2116 833 2164 exectos
843 2114 913 2164 Τήι-

88 2190 138 2256 ²47
152 2185 276 2254 quirius,
288 2198 348 2235 cum
360 2180 459 2246 suscipi
472 2195 526 2230 nou
538 2185 631 2246 posset
641 2181 668 2228 in
680 2194 710 2229 re
731 2180 810 2244 nuui',
820 2196 909 2249 neque

148 2256 175 2305 ei
187 2252 321 2316 Porsena,
332 2252 377 2321 qui
389 2264 483 2318 paoem
495 2263 557 2300 cum
569 2249 701 2299 Romanis
740 2255 823 2313 cerat,
834 2253 911 2300 nun‘·

148 2322 217 2373 lium
228 2325 399 2386 praestaret,
414 2317 566 2371 Tusculum
577 2331 607 2368 se
618 2316 751 2380 contulit,
765 2333 837 2385 quse
848 2320 911 2370 ciri·
982 2362 986 2369 .

149 2397 194 2443 tes
210 2405 265 2441 non
280 2389 364 2456 longe
378 2389 492 2448 eiurbe
502 2394 559 2449 est,
578 2392 662 2453 atque
674 2386 713 2437 ibi
724 2400 774 2454 per
784 2394 914 2455 quotuor·

89 2473 140 2514 en.
151 2459 237 2512 decim
249 2473 336 2508 annos
347 2458 469 2524 privatus
480 2471 543 2508 cum
554 2470 641 2507 uxore
651 2458 804 2507 consenuit:
827 2458 911 2519 Quar-

88 2530 140 2582 248
149 2534 179 2578 to
190 2540 264 2587 euno
278 2531 340 2593 post
354 2541 435 2592 reges
449 2530 574 2587 exactos,
594 2540 656 2577 cum
673 2523 767 2575 Sabini
782 2525 911 2584 Romanis

149 2595 253 2647 bellum
265 2593 437 2658 intulissent,
452 2595 519 2645 victi
529 2597 611 2655 sunt,
629 2598 657 2645 et
667 2593 702 2645 de
711 2591 755 2645 his
765 2600 808 2646 est
817 2595 911 2649 trium-

149 2660 272 2733 phatum.
301 2663 406 2729 Quinto
416 2677 489 2717 enno
499 2658 627 2716 Valerius
637 2662 695 2728 ille,
704 2663 785 2716 Bruti
796 2662 909 2730 collega.

851 2930 999 2962 ,ΜΛ
