2042 2975
194 108 231 156 at)
458 99 698 153 cursorii

193 202 332 263 Oceanum
348 205 538 257 Britannicum
553 204 695 270 precessit.
730 202 848 266 Domuit
862 207 964 256 autem

192 276 273 326 antris
290 291 386 327 novem
403 275 461 325 lere
472 288 580 325 enarrem
593 272 728 334 Galliam,
748 287 818 339 quae
828 274 906 324 inter
918 274 965 325 Al·

193 358 255 411 pes,
274 343 376 396 tlumen
390 342 566 403 Rhodanum,
577 342 702 392 Rhenum
713 347 741 392 et
752 341 894 392 Oceanum
909 349 964 404 est,

193 419 222 465 et
243 415 359 465 circuitu
380 416 456 477 patet
474 411 509 460 ad
528 411 571 460 bis
588 418 616 462 et
632 412 726 461 tricies
737 416 854 461 centena
870 411 965 462 millia
1009 413 1011 466 l

131 494 182 535 bu.
192 495 331 547 passuum.
368 480 509 530 Britannis
531 494 594 530 mox
609 479 712 530 bellum
729 479 837 540 intulit,
859 482 965 545 quibus
1009 471 1011 494 ⁴

128 551 184 620 u9e
195 557 259 602 ante
269 567 331 601 eum
343 565 377 598 ne
387 563 487 599 laomen
499 549 609 615 quidem
616 550 804 599 Romanorum
816 550 965 613 cognitum
1009 553 1011 556 ’

193 626 279 678 erat3¹
287 625 316 668 et
325 631 372 668 eos
383 633 492 685 qrrnque
503 619 603 679 victos,
616 617 756 677 obsidibus
767 618 903 681 acceptis,
915 618 966 668 sti·
1010 629 1011 660 1

192 687 349 758 pendiarins
360 684 434 746 feeit.
457 686 569 737 Galliae
579 691 671 736 autem
683 685 780 736 tributi
793 686 903 737 nomine
915 701 965 736 an·

193 770 279 803 nuum
296 756 440 820 imperarit
454 757 612 806 sestertium
629 754 869 822 quadringenties,
892 754 964 806 Ger·

191 836 343 890 manesque
367 830 444 874 trans
462 819 589 875 Rhenum
610 835 774 891 aggressus,
795 824 964 874 immanissi-

192 893 245 941 mis
265 893 378 959 pinellis
396 893 470 943 vicit.
505 893 644 944 lnter'tot
663 907 807 944 successus
826 899 870 943 ter
887 893 964 944 nrale

191 964 335 1028 pugnavit:
353 960 426 1027 apud
437 963 575 1013 Arvernos
595 963 680 1014 semel
701 977 845 1029 praesens,
865 967 896 1012 et
915 962 965 1012 ab

192 1044 256 1079 sens
270 1032 297 1080 in
315 1031 464 1082 Germania
476 1031 527 1082 bis.
565 1030 634 1084 Nam
653 1032 737 1098 legati
754 1031 893 1092 eiusdun,
914 1025 965 1082 Ti·

191 1100 283 1149 turins
295 1099 548 1160 etrlnrunculeius,
564 1116 613 1165 per
623 1095 817 1153 insidiaseaesi
832 1104 906 1149 sunt.
1012 1153 1013 1160 χ

246 1169 294 1217 Ca
304 1183 329 1232 p.
347 1168 399 1219 XV
403 1168 447 1217 lli.
466 1167 551 1229 (XV.)
570 1170 647 1218 Circa
659 1168 754 1219 eadem
766 1174 902 1234 tempora,
913 1182 964 1219 an·
1005 1183 1010 1192 ·

131 1242 181 1280 su.
193 1248 228 1283 no
248 1236 324 1286 urbis
335 1235 631 1297 conditaencxcvrr,
651 1237 690 1294 Μ.
701 1237 823 1289 Licinius
834 1239 963 1300 Crassus,
1000 1251 1009 1292 t

119 1299 181 1368 =697
194 1302 302 1370 collega
318 1305 365 1354 Cn.
379 1303 502 1369 Pompeii
512 1304 607 1369 Magni
624 1305 653 1354 in
668 1308 813 1358 consulatu
824 1307 962 1369 secundo,
1001 1295 1010 1318 '

130 1378 181 1415 bv·
192 1378 290 1423 centra
301 1371 417 1424 Parthos
428 1374 526 1422 missus
537 1379 622 1433 estet
631 1389 693 1424 cum
705 1377 778 1427 eirea
784 1378 883 1426 Carras
894 1390 961 1424 con·

131 1433 182 1504 699
194 1446 237 1491 tra
249 1442 341 1493 unsina
351 1447 379 1494 et
389 1444 511 1510 auspicia
522 1442 689 1508 dinrieasset,
700 1459 716 1496 a
727 1445 842 1504 Surena,
853 1443 959 1495 Orodis

193 1510 267 1581 regis
278 1510 363 1576 duce,
377 1513 479 1575 vietus,
494 1513 529 1564 ad
540 1519 724 1579 prostremam
736 1513 901 1565 interfectus
913 1521 960 1564 est

193 1594 253 1631 cuns
276 1574 348 1644 tilio,
369 1581 521 1634 clarissimo
542 1589 572 1635 et
591 1585 829 1651 praestantissimo
844 1583 957 1634 iuvene.
1013 1630 1014 1633 ,

191 1647 336 1716 Reliquiae
357 1654 495 1703 exercitus
514 1667 565 1717 per
585 1654 614 1702 C.
630 1654 755 1700 Cassium
776 1655 957 1713 quaestorem
1013 1694 1014 1697 ,

94 1752 102 1777 ,,
191 1726 318 1770 servatae
328 1725 401 1779 sunt,
409 1719 595 1785 quisingulari
607 1721 698 1765 anima
710 1714 832 1780 perditas
842 1725 956 1770 restan-

191 1791 221 1837 te
229 1789 328 1837 virtute
336 1789 466 1845 restituit,
473 1785 618 1842 utPersas,
626 1784 733 1833 rediens
744 1787 822 1835 trans
829 1785 956 1852 Euphra-

190 1856 374 1916 telematius
386 1853 641 1917 proeliisrinccret.
877 1903 880 1909 Ι

205 1928 207 1935 ’
245 1924 329 1988 cap.
348 1921 422 1977 xix.
441 1920 549 1983 (xm.)
585 1920 658 1971 uine
676 1922 731 1973 am
749 1922 855 1975 bellum
875 1924 957 1977 enne
1009 1912 1015 1979 t

137 1982 157 1997 '⁵
190 1992 324 2043 successit
338 1990 539 2041 exsecrandum
550 1993 578 2040 et
589 1989 781 2056 lacrymabile,
798 2007 866 2061 quo,
877 2008 957 2058 prae·
1010 1989 1014 1997 ’

189 2064 235 2111 ter
244 2059 429 2118 calamitates,
440 2073 511 2125 quae
522 2060 549 2107 in
559 2060 673 2125 proeliis
684 2064 858 2123 aeciderunt,
869 2064 955 2112 etiam
1012 2068 1014 2123 l

190 2120 290 2190 Populi
302 2126 542 2179 Romaniturtnna
552 2135 657 2181 mutata
669 2137 719 2184 est.
757 2133 859 2182 Caesar
870 2131 955 2194 enim,
967 2184 978 2202 ·
1011 2132 1014 2191 ;’

165 2252 168 2254 ,
189 2195 299 2245 rediens
311 2194 453 2246 exGallia'
468 2200 569 2262 rietur,
589 2202 680 2266 coepit
701 2216 816 2267 poscere
832 2200 953 2250 alterum
1011 2206 1013 2219 “

191 2262 380 2327 consulatum,
398 2271 481 2333 utque
490 2268 542 2328 ita,
558 2274 588 2318 ut
599 2271 658 2319 sine
669 2270 810 2321 dubietate
820 2269 846 2317 ei
857 2267 954 2334 aliqua

186 2330 358 2401 deficeretur.
394 2336 602 2387 Contradictum
624 2343 667 2389 est
680 2354 696 2388 a
707 2335 841 2387 Marcello
857 2349 923 2386 cos.
936 2351 955 2386 a

129 2412 181 2452 aa.
191 2400 304 2464 Bibulo,
324 2403 496 2471 al'ompein,
507 2422 524 2457 a
535 2407 653 2469 Catane,
673 2411 817 2472 iussusque
833 2404 953 2455 dimissis

131 2471 182 2533 703
193 2474 359 2524 exercitibus
374 2476 408 2525 ad
420 2475 515 2525 urbem
527 2475 627 2526 redire.
664 2474 780 2539 Propter
788 2489 870 2542 quam
882 2474 952 2522 iniu-

192 2543 262 2594 riam
274 2544 308 2592 ab
317 2543 455 2605 Arimino,
464 2544 508 2595 nbi
521 2544 622 2594 milites
633 2548 814 2609 congregatos
824 2542 952 2604 babebat,

191 2611 336 2667 adversum
353 2616 470 2681 patriam
488 2629 549 2664 cuns
565 2613 688 2664 exercitu
697 2615 781 2664 venit.
817 2611 951 2667 Consrdes
1010 2624 1014 2629 ’
