2042 2975
1 77 4 180 ι

140 140 161 188 ι
234 126 285 188 ι.
301 113 546 211 nr'rnrrape‘s.
566 134 649 186 cae
673 137 727 185 ιιι.
747 133 795 185 ιι.
818 171 829 180 .

142 238 221 292 lania
234 240 263 298 et
276 226 390 289 Aeolida
411 235 660 303 (litterataquibus
674 236 791 303 singulis
803 206 927 302 ipsarum

133 308 252 376 ‘urbium
263 310 396 372 perpetua
406 303 521 355 dederat
535 306 657 369 imperia.
692 306 717 355 2.
740 303 785 355 Sic
798 307 869 356 enirn
886 306 927 357 fa-

80 403 96 434 g
143 374 370 440 eillimepqtarit,
381 388 410 423 se
422 372 530 426 Graeca
539 374 635 440 lingua
645 372 800 439 loquentes,
811 375 857 440 qui
867 376 927 440 Asi·

143 458 187 493 am
208 443 373 504 incolerent,
396 442 446 492 snb
465 456 517 491 sna
534 447 706 492 retenturum
726 447 877 507 potestate,
899 444 925 492 si

142 513 237 564 enticis
247 509 415 576 suisoppida
425 509 529 590 tueqda
538 509 711 574 tradidisset,
721 511 826 576 quibus,
836 525 926 576 seop-

162 583 247 641 resso,
258 577 335 627 nulla
345 592 407 643 spes
417 577 514 627 salutis
523 579 736 644 relinqueretur.
765 580 797 629 ln
808 577 860 629 boe
870 578 927 644 fuit

141 587 227 715 bium]
239 649 352 696 numero
368 646 533 710 Miltiades,
544 648 587 696 cui
602 645 651 696 illa
665 645 791 696 custodia
802 640 925 698 credero-¹

142 717 198 765 tur.
233 713 258 765 3.
280 715 334 766 ilie
353 728 436 780 quum
459 714 549 768 crebri
569 712 705 764 afferrent
724 718 827 777 nuntii,
853 715 923 768 nrale

109 812 116 824 ι
142 798 202 903 qem
213 782 440 850 gerereDarium,
451 785 592 849 premique
604 784 637 833 ab
648 780 773 848 Scythis,
783 784 931 833 Miltiades,
979 820 983 827 ,

164 857 270 902 ortatus
286 855 329 901 est
343 854 434 916 pontis
453 851 593 912 custodes,
618 867 653 902 ne
668 865 685 900 a
700 850 812 902 fortuna
831 847 920 902 datam

143 922 314 972 acessionem
339 919 499 970 liberandae
525 919 657 971 Graeciae
683 919 861 977 dimitterent.
896 918 924 971 b

141 990 212 1040 Nam
224 991 247 1039 si
258 995 318 1039 'cum
330 986 371 1038 his
382 990 478 1055 copiis,
497 1003 565 1055 quaa
575 1004 668 1039 seeum
679 994 925 1058 transportarerat,
964 1029 969 1032 .

142 1053 285 1120 interisset
296 1057 411 1118 Darius,
431 1071 485 1106 non
496 1057 587 1114 solum
597 1059 735 1123 Europam
750 1058 810 1108 fore
826 1063 924 1128 tutam,

140 1126 192 1175 sed
210 1126 291 1175 etiam
303 1131 369 1187 eos,
382 1127 427 1191 qui
438 1126 529 1176 Asiam
538 1125 695 1176 ¹incolerent
705 1126 804 1177 Graeci
814 1131 924 1193 genero,

59 1243 63 1246 ,
141 1189 245 1244 liberos
256 1207 272 1242 a
283 1191 428 1242 Persarum
440 1192 547 1242 saturos
558 1194 744 1245 dominatione
754 1201 783 1246 et
792 1193 924 1261 periculo.
989 1211 996 1217 ·

142 1262 175 1314 ld
185 1266 213 1311 et
224 1260 305 1311 facile
316 1260 383 1310 ellici
396 1275 484 1326 posse.
513 1261 601 1312 Ponte
612 1264 684 1313 mim
695 1264 820 1326 rescisso,
830 1278 924 1329 regent

141 1329 187 1380 rel
197 1328 316 1382 hostium
324 1328 410 1391 ferro,
429 1328 474 1379 rel
483 1330 577 1396 inopia
590 1333 684 1397 paucis
695 1333 790 1383 diebus
798 1333 923 1381 interitu·

143 1412 214 1449 runi.
239 1396 275 1448 ¹5.
293 1398 334 1449 Ad
349 1398 401 1449 boe
416 1398 560 1449 eonsilium
577 1415 658 1466 quum
674 1402 797 1468 plerique
813 1399 923 1466 aboedo·
957 1421 960 1428 ·

142 1474 219 1531 rant,
229 1468 371 1520 Histiaeus
382 1468 522 1533 Milesius,
532 1484 566 1522 ne
577 1484 623 1520 res
634 1473 831 1532 contineretur,
840 1469 923 1520 obsti·
958 1522 959 1529 ,

144 1539 190 1600 tit,
210 1537 317 1600 dicens,
336 1554 390 1589 non
404 1539 477 1590 idem
491 1542 570 1607 ipsis,
582 1541 627 1606 qui
638 1555 758 1593 summas
768 1541 875 1605 imperii
885 1545 924 1590 to·
952 1550 956 1555 ·

50 1664 56 1675 „
143 1609 412 1675 neroot,‘expedire,
428 1614 456 1659 et
466 1609 649 1670 multitudini,
664 1605 738 1676 quod
748 1610 828 1660 Darii
838 1622 923 1674 regno

142 1675 266 1740 ipsorum
280 1677 417 1749 niteretur
434 1675 600 1737 dominatio,
630 1691 685 1741 quo
705 1679 826 1729 extincto
839 1672 923 1743 ‘ipson
969 1714 976 1719 .

143 1746 280 1806 potestate
291 1744 419 1806 expulsos
429 1744 532 1792 civibus
542 1744 599 1790 suis
614 1756 716 1804 poenas
735 1744 856 1795 daturos.
872 1748 924 1796 lta·
955 1788 957 1791 ,

96 1851 110 1867 Ἃ
125 1804 128 1808 ⁴
143 1825 197 1875 que
207 1806 276 1861 adeo
287 1806 478 1867 soabhorrere
492 1823 509 1858 a
524 1814 677 1859 ceterorum
694 1812 823 1871 oonsilio,
844 1817 875 1860 ut
886 1815 925 1862 ni-

144 1876 183 1927 bil
196 1881 273 1943 putet
282 1877 349 1942 ipsis
356 1876 467 1938 utilius,
478 1891 560 1944 quarn
569 1878 723 1926 confirmari
734 1892 849 1943 regnum
860 1879 924 1930 Per·
952 1884 957 1889 '

145 1956 246 1994 tarum.
281 1944 305 1994 6.
322 1945 411 1995 Huius
426 1959 508 2010 quum
524 1940 693 1994 sententiam
703 1944 817 2010 plurimi
832 1955 925 2000 essent
964 1946 974 1955 ‘

144 2010 243 2074 secuti,
254 2012 403 2074 Miltiades,
417 2026 470 2076 non
483 2011 621 2073 dubitans,
636 2018 693 2062 tam
703 2014 800 2064 multis
808 2019 925 2068 consciis

144 2081 179 2131 ad
193 2082 266 2145 regis
285 2090 366 2130 aures
381 2079 497 2143 consilia
509 2096 559 2130 sua
576 2087 755 2146 perventura,
775 2080 924 2136 Chersone·

143 2148 206 2200 tum
220 2145 340 2215 reliquit,
355 2163 386 2199 ac
396 2162 492 2199 rursus
502 2148 626 2202 Athenas*
634 2150 803 2218 demigravit
841 2154 925 2205 Cuius

142 2217 216 2270 ratio
233 2217 285 2267 etsi
296 2230 351 2266 non
361 2215 462 2279 valuit,
480 2226 573 2270 tamen
585 2233 751 2286 magnopere
762 2229 804 2271 est
813 2222 925 2274 laudan·

144 2285 192 2346 da,
202 2300 285 2352 quum
297 2286 411 2338 amicior
416 2288 543 2341 omnium
554 2287 675 2339 libertati
681 2304 781 2357 ,quarn
792 2306 858 2343 suae
869 2290 926 2346 sue·

143 2354 380 2406 ritdominationi.
795 2368 798 2372 ’

197 2422 246 2475 lv.
257 2422 358 2487 Darius
368 2431 469 2489 autem,
484 2444 569 2496 quum
580 2427 738 2495 ex‘Europa
748 2425 928 2499 inplsiamred·
959 2454 962 2459 <

148 2489 235 2549 ittet,
263 2490 438 2547 hortantibus
454 2499 562 2560 amieis,
581 2503 613 2547 ut
626 2497 771 2553 Graeciam
791 2500 927 2565 redigeret
1017 2546 1018 2549 ,

137 2563 261 2637 ,insuam
273 2568 451 2628 potestatem,
473 2567 587 2619 classem
599 2568 808 2636 quingentarum
819 2568 927 2629 narium

146 2632 419 2700 comparavitgeique
429 2633 525 2687 Datim
536 2636 669 2706 praefecit
679 2643 708 2689 et
717 2636 926 2705 Artaphernem

146 2696 243 2782 lyrae
258 2699 378 2754 ducenta
391 2704 528 2776 peditum,
549 2708 644 2761 decern
653 2707 746 2767 millia
753 2709 874 2776 equitum
885 2704 928 2787 du
974 2742 990 2777 ,-
