2042 2975
113 57 154 168 eo
220 69 262 148 “,
333 49 712 134 o‘suunmrnom'

16 233 17 236 ,
112 183 405 244 hiliushlacedonibus
416 186 470 236 tuit
482 185 542 252 ipso
553 186 695 237 vulnerum
706 189 834 253 aspectus
849 200 937 258 quae

112 275 168 311 non
180 258 310 325 spiculis,
333 271 388 308 non
399 256 526 322 sagittis,
549 273 599 308 nee
610 256 669 312 ullo
682 255 820 309 Graeculo
833 256 937 319 fe'rro,

32 369 33 372 ,
113 329 164 382 sed
178 330 338 397 ingentibus
356 326 432 393 pilis,
454 342 505 378 nee
524 325 679 377 minorlbus
698 326 798 379 adacta
809 326 936 394 gladiis,

90 458 95 464 ,
112 398 191 450 ultra
201 406 319 451 mortem
331 397 472 464 patebant.
503 391 546 448 10.
559 396 708 448 Enimvero
720 397 862 464 Flaminio
875 396 932 447 du·

39 469 42 472 ’
113 484 148 522 ce
161 470 253 521 invios
270 475 334 520 ante
348 465 488 517 Chaonum
504 472 632 528 montes„
646 468 791 533 doumque
811 481 932 519 onlnem

111 554 165 609 per
185 542 304 605 abrupta
326 527 470 587 cadehtem
491 542 520 588 et
530 537 591 604 ipsa
601 535 784 594 Macedoniae
796 538 930 589 claustra

88 599 330 679 'penetravimus
363 602 419 658 11.
444 606 579 659 Introisse
601 606 723 659 victoria
745 606 810 658 tuit.
848 607 930 660 Nam

112 686 214 748 postea
232 675 372 743 nunquam
384 675 469 727 ausus
485 673 620 746 congredi
634 692 693 729 rer.
730 676 772 728 Ad
788 667 928 740 tumulos,

16 796 19 812 ,
112 764 183 815 quos
195 744 542 815 Cynoscephalasvocant,
562 764 631 811 uno,
653 763 686 798 ae
697 762 731 797 ne
743 747 796 798 hoc
808 748 927 814 quidem

111 818 189 871 iusto
200 817 309 884 praelio
321 817 496 883 opprimitur.
510 813 513 823 ’
533 816 575 882 12.
590 820 626 870 Et
638 817 682 868 illi
693 817 805 885 quidem
817 818 928 869 Consul

49 909 53 914 ·
132 903 210 941 acem
221 887 307 948 dedit,
327 903 443 953 regnum
456 890 606 940 concessit:
628 903 703 950 neos,
719 904 753 939 ne
766 883 834 954 quid
845 894 927 940 esset

70 1009 74 1022 ,
111 903 231 1022 hostile,
253 955 403 1010 et'l'hebas
424 965 452 1009 ct
463 960 607 1014 Euboeam
627 963 655 1010 et
675 965 849 1023 grassantem
869 955 925 1011 sub

113 1028 224 1083 Nabide
235 1044 285 1080 suo
296 1028 510 1081 Lacedaemona
523 1026 701 1097 conspeseuit.
734 1025 774 1079 13.
785 1028 931 1090 Graeciae„

112 1102 181 1151 v'ero
201 1105 325 1150 veterem
347 1104 451 1149 statum
470 1098 612 1161 reddidit,
632 1104 662 1150 ut
683 1094 793 1172 legitque
807 1099 925 1151 uiseret
1004 1159 1005 1172 ἵ

113 1170 173 1222 suis
192 1173 221 1221 et
239 1167 457 1219 avitalibertate
469 1168 618 1238 frueretur.
656 1165 698 1220 14.
720 1170 809 1236 Quae*
829 1170 924 1234 audia,
1003 1177 1005 1188 ⁴

113 1252 185 1307 quae
196 1236 413 1289 vociferationes
424 1239 546 1300 luerunt,
558 1254 641 1305 quum
651 1235 705 1289 hoe
717 1236 792 1291 forte
826 1225 922 1294 enleae

112 1309 145 1361 io
155 1305 265 1360 theatro
278 1307 529 1376 quinquennalibus
542 1307 616 1358 ludis
634 1323 651 1358 a
662 1321 799 1374 praecone
811 1316 922 1362 'canere-

113 1379 173 1432 turl
197 1375 259 1439 ouo
277 1384 419 1429 certavere
434 1378 546 1444 plausu!
568 1377 641 1439 Quid
655 1377 757 1442 llorum
771 1382 802 1432 in
820 1383 921 1432 Consu·

113 1448 172 1504 lem
192 1446 391 1517 profuderunt!
429 1447 470 1503 15.
491 1449 528 1502 Et
549 1451 649 1502 iterum
669 1448 825 1519 iterumque
844 1468 921 1519 prae·

56 1575 60 1585 ,
115 1535 214 1574 cenem
226 1528 353 1587 repetere
365 1520 444 1572 illam
456 1538 554 1575 vocem
565 1522 717 1605 iubebantq
733 1533 787 1589 qua
804 1522 919 1583 libertas

35 2850 77 2928 k

114 1589 237 1644 Achaiae
257 1592 504 1659 pronuntiabatur:
532 1585 583 1646 nec
604 1592 686 1645 aliter
708 1590 760 1644 rlla
780 1586 928 1655 consulari¹

115 1662 269 1725 sententia,
291 1677 373 1730 quam
384 1663 611 1716 modulatissimo
623 1660 717 1730 aliquo
728 1663 862 1716 tibiarum
871 1669 920 1716 aut

115 1730 214 1785 fidium
226 1737 318 1796 cautu,
333 1733 507 1811 fruebantur.
866 1743 869 1750 ’
927 1756 931 1767 ·

428 1840 601 1865 ,ΠΙ-Μ

360 1903 549 1959 CAPUT
584 1905 689 1964 Vlll.

149 1972 398 2061 1.Ma‘cedoniam
408 2008 474 2061 llsia
490 1997 592 2063 statim'
607 2020 637 2069 et
654 2031 750 2084 regem
761 2012 919 2081 Philippum

112 2077 265 2133 Antiochus
283 2081 409 2146 excepit,
430 2081 508 2147 quasi
525 2078 722 2154 de*industpia
737 2082 917 2150 sicadguber·

112 2156 198 2201 nante
208 2146 347 2211 Fortuna,
368 2155 408 2212 ut,
428 2150 661 2217 quemadmodum
673 2157 707 2207 ab
718 2155 815 2206 Africa
826 2154 855 2202 in
866 2151 918 2202 Eu·

113 2232 222 2284 repam,
234 2218 276 2270 sic
289 2218 324 2270 ab
335 2214 450 2287 Europa
459 2222 487 2271 in
498 2221 602 2287 Asiam,
618 2225 693 2276 ultro
706 2241 736 2276 se
748 2222 918 2290 suggerenti·
947 2242 951 2276 1

112 2287 166 2353 bus
177 2290 281 2352 causis,
302 2289 449 2356 imperium
460 2292 645 2358 procederet,
666 2302 695 2347 et
711 2310 773 2346 cum
784 2300 917 2347 terrarum
961 2304 966 2315 ¹

114 2359 192 2409 orbis
205 2361 261 2411 situ
272 2361 332 2427 ipse
343 2359 414 2412 ordo
426 2363 607 2414 victoriarum
619 2365 773 2433 navigaret.
810 2366 837 2417 2.
858 2363 917 2415 Non

112 2426 191 2479 aliud
201 2429 416 2503 lormidolosius
428 2428 504 2482 fama
514 2432 620 2485 bellum
632 2427 702 2496 luit,
723 2435 825 2504 quippe
838 2448 915 2502 quum

110 2493 212 2554 Persas
229 2505 257 2551 et
273 2500 424 2564 orientem,
446 2500 559 2554 Xerxen
576 2511 659 2572 atque
675 2504 793 2558 Darium
816 2504 914 2570 cogitu-

111 2573 188 2619 rent:
211 2568 320 2636 quando
340 2567 462 2638 perfossi
483 2569 552 2625 invii
571 2581 696 2640 montes,
718 2577 827 2645 quando
849 2570 914 2623 veih

115 2644 244 2704 opertum
254 2652 331 2695 mare
342 2642 526 2701 nuntiaretur.
563 2642 588 2699 3.
608 2645 652 2701 Ad
661 2644 715 2701 hoc
726 2643 861 2703 coelestes
871 2637 914 2705 11¹¹·
966 2644 969 2649 ’
