2042 2975
352 125 517 186 'araon
534 135 621 187 vm.
750 102 753 114 ¹
837 138 872 191 71

75 242 145 294 'his
157 239 265 305 Quadi,
276 236 580 311 Vandaliusarrnatae,
592 238 674 290 Sueri
689 245 771 308 atque
782 243 872 293 omnis

93 313 237 364 barbaria
252 312 451 359 commoverat:
473 307 559 357 multa
575 307 715 358 hominum
731 311 818 361 nrillia
832 312 874 362 in·

79 380 232 441 'terfecit,
247 393 294 439 ac,
315 376 464 427 Pannoniis
479 377 591 426 servitio
608 377 748 439 liberatis,
768 380 872 433 Romae

92 463 205 500 rursus
226 462 286 506 curn
303 445 454 495 Commodo
465 447 618 505 Antonino,
637 446 770 509 filiosuo,
790 463 872 514 quern

94 520 162 567 iam
170 517 317 566 Caesarem
329 513 444 575 fecerat,
454 513 642 584 triumphavit.
660 515 701 564 Ad
714 513 794 565 buius
806 517 872 567 belli
919 550 926 563 .

96 599 204 647 usum,
224 586 331 635 aerario
351 580 500 643 exhauste,
520 598 581 632 cunr
604 583 765 649 largitiones
779 584 872 635 nullas

100 653 236 713 haberet,
248 667 336 719 neque
347 650 468 701 indicere
480 651 692 715 provincialibus
704 658 753 701 aut
762 655 872 704 senatui

100 722 213 789 aliquid
225 721 322 781 vellet,
332 722 549 770 instrumentum
560 722 629 786 regii
640 720 730 770 cultus
737 758 745 783 ,
757 722 832 772 facta
842 724 871 774 in

101 790 171 841 foro
188 791 243 844 diri
254 790 368 841 Traiani
378 789 515 848 sectione,
536 788 683 839 distraxite
701 805 767 841 rasa
777 806 871 854 aurea,

102 858 209 927 pocula
224 857 388 924 crystallina
403 861 431 907 et
441 854 596 918 murchina,
617 860 740 908 uxoriam
751 874 783 910 ac
793 875 872 911 suam
909 883 914 900 ,

103 928 228 979 sericam
240 931 268 977 et
279 941 389 976 auream
400 932 518 985 vestem,
531 925 617 976 multa
627 933 790 979 ornamenta
799 944 873 994 gern-

33 1015 38 1020 ·
101 1011 230 1058 nrarum3
250 995 418 1060 acperduos
429 995 577 1043 continuos
588 1009 697 1044 menses
706 1009 741 1045 ea
749 997 872 1045 venditio

96 1061 201 1119 habita
212 1070 263 1125 est,
275 1063 448 1129 multumque
460 1064 522 1111 auri
533 1062 685 1113 redactum.
713 1063 779 1113 Post
788 1061 878 1114 victo-'

99 1138 178 1184 riam
189 1140 283 1183 tamen
295 1133 446 1182 emtoribus
458 1132 551 1196 pretia
562 1133 744 1198 restituit,qui
756 1132 873 1183 reddere

105 1208 272 1266 comparata
280 1199 441 1251 voluerunt:
462 1200 595 1254 molestus
605 1201 675 1252 nulli
686 1201 752 1264 fuit,
763 1203 807 1269 qui
816 1217 873 1253 ma-

105 1271 163 1321 luit
172 1270 260 1321 serncl
269 1274 344 1321 emta
354 1271 482 1320 retinere.

163 1374 183 1424 (l
194 1388 210 1423 a
219 1388 246 1438 p.
263 1373 338 1425 XIV.
375 1369 432 1423 Hic
442 1373 569 1439 permisit
576 1373 642 1423 viris
652 1372 831 1434 clarioribus,
841 1379 875 1424 ut

108 1444 235 1494 convivia
245 1442 342 1493 eodem
354 1440 443 1504 cultu,
464 1457 519 1509 qno
529 1444 603 1508 ipse,
618 1446 647 1493 et
658 1443 790 1493 ministris
801 1443 874 1493 sirni-

111 1511 202 1571 libus,
221 1508 391 1562 exhiberent
428 1513 458 1561 ln
474 1512 595 1562 editione
608 1527 751 1561 munerum
763 1518 825 1576 post
836 1513 874 1560 ri·

112 1581 229 1635 ctoriarn
242 1579 311 1629 adeo
322 1581 482 1646 magnificus
493 1578 595 1639 loit,ut
604 1583 713 1628 centurn
725 1579 808 1627 simul
818 1579 875 1628 leoa

112 1663 162 1699 ares
178 1645 335 1699 exhibuisse
350 1649 486 1715 tradatur.
524 1649 591 1697 Cum
608 1647 693 1711 igitur
704 1645 875 1695 fortunatam

112 1717 309 1783 rempublicam
326 1723 355 1767 et
370 1718 472 1779 virtute
482 1722 510 1767 et
520 1714 734 1765 mansuetudine
744 1713 877 1763 reddidis·
887 1732 934 1766 nc.

113 1792 170 1849 set,
185 1787 253 1836 obiit
263 1800 353 1836 xum
364 1787 469 1850 imperii
482 1796 567 1847 anno,
583 1785 656 1834 vitae
668 1798 739 1844 nxr,
750 1789 778 1833 et
789 1784 874 1832 onrni-
890 1804 917 1835 n.

113 1852 164 1904 bus
173 1857 299 1906 certatim
311 1857 512 1916 annitentibus,
522 1844 595 1904 int‘er
605 1852 681 1902 divos
692 1852 797 1903 relatus
809 1857 860 1902 est.
887 1859 934 1910 130

34 2008 40 2021 „
90 1959 93 1962 ’
166 1957 248 2021 Cap.
266 1957 331 2009 XV,
344 1956 437 2018 (Vll.)
473 1956 565 2009 Huius
584 1969 876 2007 successorr,.rnso-

115 2035 216 2074 ursus
237 2029 421 2076 counoous'
441 2022 510 2073 nihil
529 2028 674 2088 paternum
692 2022 801 2087 habuit,
822 2025 875 2074 nisi

115 2093 184 2158 quod
204 2098 300 2145 contra
312 2093 465 2144 Germanos
481 2090 602 2143 feliciter
617 2100 645 2143 et
660 2094 718 2159 ipse
734 2095 874 2160 pugnavit.

116 2159 304 2226 Septembrem
320 2177 443 2229 mensem
464 2161 499 2210 ad
516 2176 615 2213 nornen
630 2177 709 2212 suum
721 2161 874 2212 transferre

116 2235 226 2280 conatus
238 2236 288 2291 est,
299 2234 332 2278 ut
342 2229 510 2289 Commodus
522 2230 669 2282 diceretur.
698 2230 752 2281 Sed
764 2230 875 2281 luxuria
904 2274 907 2279 .

88 2298 92 2305 '
115 2304 142 2348 et
154 2299 324 2350 obscenitate
335 2298 516 2365 depravatus,
537 2299 712 2365 gladiatoriis
722 2301 806 2348 armis
816 2313 875 2351 sae·

114 2369 260 2435 pissinrein
278 2367 361 2429 ludo,
381 2368 510 2433 deinceps
524 2371 607 2417 etiam
623 2370 652 2417 in
668 2365 872 2431 amphitheatro
881 2383 935 2419 eo.

115 2452 170 2487 eom
185 2436 344 2486 huiusmodi
355 2434 511 2486 hominibus
522 2450 605 2500 saepe
617 2436 762 2486 dimicarit.
798 2436 875 2486 Obiit
891 2454 918 2487 s.

114 2510 199 2555 morte
209 2506 313 2565 subito,
324 2509 406 2571 atque
417 2504 501 2564 adeo,
521 2509 553 2553 ut
562 2502 766 2570 strangulatus,
775 2503 820 2552 vel
831 2516 874 2549 re·
886 2515 935 2569 ¹9²

115 2586 182 2629 neno
193 2572 358 2622 interfectus
370 2579 593 2643 putaretur,cupn
605 2573 685 2621 annis
696 2584 747 2622 xrs
757 2574 819 2633 post
829 2579 875 2629 pa·

96 2650 99 2657 ⁴
116 2646 184 2695 trem
203 2645 233 2692 et
245 2655 311 2692 vm
322 2641 460 2694 aiensibus
469 2643 649 2713 imperasset}
661 2644 740 2690 tanta
750 2644 875 2687 exsecra·

624 2833 645 2859 δ
