2042 2975
223 123 770 256 aomanorum.cruram.
866 167 904 228 ts
973 119 978 161 ⁵

87 280 242 352 compulsi,
261 280 399 349 primum,
418 282 451 327 ut
462 274 604 330 destinata
615 281 706 328 morte
720 275 748 326 in
764 273 903 343 proelium
987 294 992 302 ·

83 360 214 416 ruerent,
232 366 317 419 quum
328 363 359 399 se
370 349 446 414 prius
457 346 557 413 epulis,
575 346 655 412 quasi
667 344 785 409 inferiis,
807 347 904 414 imple·

36 455 41 460 -
82 426 206 486 visaent,
219 423 313 473 earnis
324 417 507 478 semicrudae,
518 424 546 467 et
557 416 648 469 eoliae
658 415 711 477 (sio
722 424 822 467 nocant
832 416 905 467 indi-

43 487 45 494 ‘
83 510 193 564 genam
210 507 246 544 ex
261 489 403 542 frumento
419 481 581 554 potionem).
619 484 661 539 13.
680 486 855 539 lutullc'utnm
868 485 913 537 ab·

34 553 38 559 ³
83 566 266 631 Imperatore
284 558 448 626 ¹eonsilium:
464 557 559 624 itaque
579 571 634 607 non
654 553 796 624 permissa
812 560 918 626 pugna‘
1017 565 1018 568 ’

84 632 249 693 morituris.
295 629 388 692 Quum
413 627 595 695 iussaatque
618 626 710 680 lorica
731 634 908 695 quatuorque

87 704 194 757 castris
210 700 400 754 circumdatus
415 696 505 751 fantes
521 703 674 765 premeret:
695 699 731 751 ab
743 698 813 751 <luce
825 713 908 762 urau-

66 780 136 828 .tes
152 773 305 842 proelium,
324 775 358 821 ut
372 776 504 837 tanquam
522 769 553 820 ri
585 768 765 833 succideret,
787 763 908 824 ubi'rion
939 799 946 810 =

89 844 292 910 impetrabant,
303 840 411 909 placuit
420 839 540 907 eruptio.
580 838 607 890 4.
623 838 669 892 Sic
680 847 811 894 conserta
822 851 908 892 manu

90 913 210 984 plurimi
219 911 320 976 uerisi;
330 917 366 974 et,
377 925 461 979 quum
472 915 586 978 urgeret
597 907 693 973 fames,
704 911 908 979 aliquantisper

55 981 165 1042 pindo
184 982 323 1035 vixerunt.
363 979 693 1035 Nouissimeooasilium
713 981 797 1048 fugae
816 982 927 1034 sedita·
990 988 994 1001 “

91 1054 147 1109 scd
158 1050 212 1105 huo
223 1059 340 1120 quoque,
353 1052 445 1119 ruptis
457 1064 591 1119 equorum
602 1050 732 1120 cingulis,
741 1065 849 1105 ruxores
861 1049 909 1104 nu-

91 1137 317 1187 emmerammo
328 1123 443 1184 scelere,
458 1136 509 1189 per
520 1135 653 1174 annorum.
689 1119 732 1175 15.
750 1122 848 1196 ltaque
862 1124 909 1177 de·

94 1193 318 1264 pluratoexitu,
338 1192 367 1244 in
381 1192 510 1244 ultimam
525 1192 632 1244 rabiem
650 1190 828 1262 furoremque
844 1187 915 1246 run-¹

94 1264 182 1327 versi,
202 1265 346 1332 postremo
367 1263 439 1315 mori
457 1261 612 1331 Theogenes
630 1261 701 1316 (luce
724 1263 909 1319 destinarunt.

95 1333 191 1386 Duces
202 1350 276 1397 suos,
287 1348 381 1402 seque,
392 1333 578 1401 patriamque,
590 1331 667 1386 forro
677 1339 707 1386 et
717 1347 833 1398 venenu,
845 1335 911 1388 sub·

95 1401 229 1471 ieoto'quu
240 1404 362 1472 undique
372 1405 634 1472 igneperemeruni.
663 1400 705 1456 16.
717 1404 812 1459 Macte
823 1421 840 1458 o
852 1405 910 1457 lor·

95 1475 235 1527 tissimum
246 1480 275 1527 et
290 1490 354 1529 meo
370 1472 680 1543 iudiciossbeatissimam
695 1474 724 1526 in
740 1476 810 1543 ipsis
825 1476 911 1529 malis

98 1545 258 1607 ciuitatem!
268 1545 408 1609 ,Assuruit
418 1560 480 1601 cum
492 1543 548 1596 lide
557 1543 666 1607 socios3
686 1547 821 1612 pupulum
833 1547 910 1601 urbis

97 1621 238 1668 terrarum
248 1615 356 1667 viribus
367 1613 471 1665 fultum
482 1621 540 1666 tam
550 1627 637 1680 parra
646 1626 738 1676 manu,
750 1622 844 1667 aetate
852 1623 912 1671 tam

97 1685 187 1753 lunga
200 1685 342 1738 sustinuit.
378 1683 539 1746 Novissime
555 1682 678 1734 maximo
691 1681 762 1736 (luce
779 1700 913 1753 oppressa

100 1757 210 1817 civitas,
220 1756 327 1809 nullum
338 1750 373 1807 du
383 1769 414 1807 se
425 1754 557 1824 gaudium
567 1751 828 1825 hostireiiquit.17.
836 1755 913 1810 Unus

102 1826 175 1883 enim
184 1827 231 1894 uir·
238 1825 426 1887 Numantinus
438 1824 568 1889 nonfuit,
583 1823 670 1894 quiin
682 1826 789 1879 eatenis
799 1827 914 1880 ‹lucere-

78 1903 158 1950 xtur.
194 1896 315 1960 Praeda,
336 1900 368 1947 ut
384 1895 419 1948 de'
431 1896 632 1966 pauperrimis,
651 1895 743 1949 nulla:
765 1913 843 1955 arma
857 1896 914 1966 ipsi

104 1973 304 2039 cremaverant.
340 1966 511 2039 Triumphus
522 1967 577 2021 fuit
586 1971 698 2039 tantum
710 1968 746 2026 (le
757 1969 877 2024 numius.

347 2142 664 2205 curuum.

123 2240 163 2333 ·1.
173 2210 331 2305 Hactenus
341 2252 463 2320 populus
473 2254 615 2307 Romanus
626 2249 754 2324 pulcher,
774 2247 914 2321 egreglus.

52 2366 56 2374 .
101 2331 179 2387 prus,
199 2329 313 2375 sanutus
325 2325 598 2395 atquomagnilicus:
619 2326 730 2392 reliqua
739 2323 860 2385 saeculi,
879 2326 914 2375 ut

101 2391 223 2456 grandia
233 2409 336 2460 aequo,
356 2395 398 2445 ita
412 2394 457 2446 vel
468 2398 558 2462 magis
569 2394 683 2447 turbida
693 2401 722 2446 et
733 2393 832 2456 iuedn,
856 2406 915 2445 cre·

105 2462 247 2522 ruentibus
258 2478 318 2515 cum
330 2465 395 2532 ipsa
403 2464 597 2533 magnitudino
608 2465 722 2532 imperli
732 2465 821 2517 vitiis:
833 2459 916 2515 2ad·

48 2554 51 2559 ·
105 2543 140 2581 eo
150 2538 184 2582 ut
194 2531 220 2582 si
236 2533 299 2599 qnia
313 2532 386 2585 hane
405 2537 520 2587 tertiam
534 2534 594 2587 cius
611 2540 734 2587 aetutem
754 2528 917 2589 transmari·
931 2554 941 2565 ,

34 2660 40 2669 .
106 2613 185 2669 nam,
206 2615 291 2668 quam
303 2602 487 2656 ducentorum
500 2618 636 2656 urinarum
646 2602 777 2666 fecimus,
799 2597 918 2664 dividat,
940 2660 948 2675 ¹
1010 2632 1014 2667 :

50 2704 51 2707 ,
110 2675 217 2720 centnm
231 2669 287 2721 lios
297 2672 420 2737 priores,
441 2674 540 2741 quibus
552 2673 691 2735 iliricum,
712 2668 917 2725 Macedoniam
986 2702 989 2708 v

109 2734 273 2809 inmanium
284 2739 403 2809 domarit,
413 2750 511 2797 aursus
522 2743 608 2808 (sicut
617 2739 844 2799 Poetneumunt)
855 2734 919 2785 ¹¹¹⁸

905 2846 1020 2936 [Ι
