2042 2975
137 113 377 228 ¹errrore.
396 144 480 200 nro:
498 145 538 198 11.
557 145 761 213 carneis.
850 151 888 206 45
993 217 1001 238 ι

76 255 164 312 renda
174 255 292 307 ducibus
303 253 381 308 bella
391 252 575 308 mandaverit.
610 252 636 306 9.
647 253 755 307 Absens
766 269 796 308 er
815 270 832 309 o
846 257 888 309 ri·

77 336 147 390 ctus,
159 326 234 399 fugit
245 325 274 376 in
285 321 374 375 ma'ria
384 323 557 391 insulamque
568 322 777 389 Samothracen,
795 269 886 380 fretus

76 391 357 462 celebri-religione,
379 395 459 460 quasi
474 395 581 461 templa
596 401 626 447 et
640 394 708 447 arae
716 405 835 466 possent
841 397 888 450 de·

70 468 203 529 fondere,
221 473 303 532 quem
313 471 483 517 neo'nrontes
494 466 548 525 sui,
566 481 617 517 neo
630 469 708 517 armai
719 468 885 534 potuissent.

71 536 119 592 10.
142 538 236 608 Nemo
245 550 341 603 regum
354 533 460 586 diutius
470 535 590 587 amissae
602 536 734 589 fortunae
746 538 903 590 eonscien-.

70 610 149 662 tiam
167 606 292 659 retinuit.
328 604 452 673 Supplex
468 620 551 672 quum
562 607 703 660 ¹scriberet
719 607 754 658 ad
767 608 888 675 impera·

68 686 170 734 torem
186 676 305 739 (ie-illo,
330 691 385 743 quo
399 676 575 743 confugerat,
595 678 710 745 templo,
731 692 888 747 nomenque

73 747 225 818 [epistola]
237 751 348 798 notaret
359 762 449 808 suum,
461 745 565 815 Regem
576 743 694 799 addidit.
718 745 759 802 11.
771 747 825 801 Sed
836 764 888 801 nec
978 777 984 784 ·

61 819 253 884 »reverentior
264 824 363 883 captae
374 818 531 870 maiestatis
537 817 783 871 aliusPauilofuit.
796 822 889 882 Quum

71 893 108 943 in
119 894 301 955 conspertum
311 890 433 941 venisset
444 887 550 952 hostis,
573 890 603 941 in
618 890 755 960 ⁴templum
773 890 889 957 recepit,

74 967 108 1014 et
120 959 255 1011 conviviis
265 957 404 1020 adhibuit,
424 959 586 1026 liberosque
602 960 748 1014 admonuit
759 975 838 1023 suos,
857 967 890 1012 ut

73 1030 243 1090 Fortunam,
255 1028 299 1079 oui
310 1034 419 1098 tanturn
430 1030 540 1092 liceret,
552 1036 757 1082 revererentur.
794 1027 836 1082 12.
848 1030 890 1080 In·

74 1109 124 1152 ter
134 1096 425 1166 pulcherrimoshuno
440 1115 554 1168 quoque
567 1100 685 1167 populus
696 1100 838 1151 Romanus
853 1100 891 1152 do

75 1168 384 1224 Macedoniaduxitac
395 1171 468 1222 vidit
480 1169 666 1237 triumphum:
689 1170 790 1238 quippe
809 1170 896 1222 ouius⁴

78 1239 242 1308 spectaculo
254 1239 377 1290 triduum
389 1240 559 1307 impleverit.
597 1236 639 1292 1³.
661 1237 769 1293 Primus
782 1240 841 1294 dies
852 1242 894 1292 sia

78 1325 150 1379 gua,
168 1309 294 1362 tabulas:
306 1325 435 1376 ,sequens
452 1317 545 1375 arma,
567 1312 699 1378 pecunias
716 1311 923 1377 transverits.

76 1381 181 1438 tertius
192 1379 327 1446 captivos,
350 1381 496 1448 ipsumque
505 1397 610 1450 regem,
629 1382 778 1434 attonitum
788 1380 889 1445 adhue,

78 1458 220 1519 tanquam
235 1451 330 1502 subito
353 1451 429 1503 malo
450 1457 619 1520 stupentem.
656 1450 698 1504 11.
720 1453 776 1506 Sed
796 1452 887 1504 multo
968 1467 976 1482 ⁸

77 1524 157 1590 prius
167 1522 301 1590 gaudium
310 1520 446 1572 victoriae
457 1522 576 1589 populus
582 1522 734 1585 Romanus,
742 1537 822 1589 quam
833 1522 889 1588 epi-

78 1592 163 1645 stolis
175 1591 291 1646 victoris
302 1598 495 1657 praeceperat.
532 1590 642 1657 Quippe
655 1592 752 1663 eodem
764 1591 819 1652 die,
834 1606 888 1658 quo

77 1662 172 1715 rietus
193 1669 236 1714 ost
255 1654 356 1713 Persea
376 1656 602 1722 inmacedonia,
622 1654 729 1711 Romae
746 1660 890 1728 cognitum

79 1738 133 1787 ost.
171 1727 213 1785 15.
232 1732 297 1784 Duo
317 1732 430 1801 iuvenes
449 1730 664 1797 candidiorquis
675 1730 748 1809 apud
759 1731 891 1805 Iuturnae

79 1803 173 1855 laeum
185 1803 330 1870 pulverem
340 1808 370 1856 et
381 1817 506 1855 eruorem
519 1802 681 1855 abluebant.
719 1798 753 1853 1o
772 1801 812 1854 Hi
822 1816 891 1852 nun·

15 1880 19 1883 ’
79 1873 200 1924 tiarore.
235 1874 425 1925 Castoremet
434 1872 578 1926 Pollucem
588 1872 823 1925 fuisseoreditum
832 1870 892 1923 rul-

80 1947 135 2011 go,
157 1942 234 2026 quod
252 1942 506 2011 gemini-fuissent:
527 1942 689 2026 interfuisse
706 1942 796 2005 bello,
816 1941 892 2009 quod
915 1962 920 1969 ·

81 2013 387 2141 ἰῖιὲᾞὲἓαθῖἳθιηε
408 2014 606 2087 aMacedorua
620 2027 730 2115 remre,
752 2012 828 2083 quod
842 2010 889 2064 ad-

405 2165 569 2185 ...μ-ιι-

321 2222 510 2279 CAPUT
545 2225 649 2279 XIII.

116 2325 142 2379 1.
153 2293 331 2389 Macedonii
347 2327 418 2379 belii
430 2329 567 2397 contagio
577 2329 665 2395 traxit
674 2328 797 2398 illyrios.
832 2326 890 2396 Ipsi

80 2394 204 2466 quidem,
224 2404 257 2450 nt
268 2399 451 2450 Romanuma
461 2404 543 2467 tergo
555 2399 763 2467 distringerent,
779 2413 797 2449 a
806 2397 891 2450 Perse

80 2470 149 2534 rege
166 2466 298 2529 conducti
314 2467 434 2533 poeonia
447 2470 649 2522 militaverunt.
686 2468 752 2521 Sine
766 2483 846 2520 mora
857 2468 897 2527 ab

80 2535 505 2605 AnicioPraetoresubiguntur.
517 2540 542 2590 2.
550 2537 694 2602 Soordam‚
702 2534 892 2611 eaputgontis,
911 2554 915 2564 ·
951 2594 954 2603 ,

82 2604 893 2673 delessssuffeoit.Statimsecutadeditioest.Deniquehoe
926 2602 936 2640 -“

82 2676 895 2751 bellumantolinitumest,quamgeriRoruaonuntiarotur.
984 2684 991 2695 ·
