2042 2975
366 99 516 155 LIBER
537 102 616 162 ‚vla
828 106 870 157 .ὓί
919 181 925 186 ‚

97 212 142 266 sit
152 207 315 278 inperium,
332 209 458 260 materno
469 219 573 273 genere
583 204 718 269 nobilior,
729 222 811 275 quam
824 223 870 274 pa-

97 289 201 342 terno,
211 285 311 331 neutro
321 282 415 326 tamen
427 276 556 326 obscuro:
577 277 606 324 in
619 278 727 340 privata
734 280 793 328 rita
803 278 871 340 ruol-v

96 352 195 413 lieret
204 348 322 400 Neronis
331 345 489 408 familiaris:
506 345 537 395 in
546 344 663 410 imperio
674 345 871 397 documentum

99 422 151 473 sui
162 434 221 470 raon
235 418 326 483 potuit
342 413 501 466 ostendere.
536 412 608 463 Nam
620 429 682 464 cum
693 413 790 465 iisdem
801 420 871 467 tem·

99 488 234 557 poribus,
259 483 358 552 quib'us
379 481 453 534 Otho
475 482 593 534 Galbam
615 481 768 544 occiderat,
788 486 872 534 etiam

98 555 241 610 Vitellius
255 554 348 616 lactus
363 555 437 603 esset
447 566 464 604 a
475 549 694 606 Germanicianis
704 552 872 603 exercitibus

101 629 272 690 imperator,
292 621 367 674 bello
381 625 479 672 contra
488 636 554 673 eum*
562 627 704 687 suscepto,
725 637 786 671 eum
798 622 873 687 apuli

101 694 264 750 Betriacum
274 694 304 744 in
314 691 397 743 ltalia
406 689 460 742 levi
470 690 577 757 proelio
586 691 675 740 victus
685 695 767 753 esset,
777 692 877 757 ingen..

103 769 151 815 tes
161 768 256 814 tamen·
265 763 360 827 copias
371 759 521 812 adbellum
532 758 657 822 baberet,
664 766 762 825 sponte
772 766 874 811 semet·

103 834 199 898 ipsum
214 830 329 892 occidit,
347 831 505 895 petentibus
522 828 671 891 militibus,
690 834 798 880 netum
814 832 871 880 cito

105 903 144 953 do
159 900 233 951 belli
240 900 402 964 desperaret
409 901 524 958 eventu,
544 912 607 947 eum
623 898 695 948 tanti
704 913 734 948 se
745 913 799 949 non
810 914 874 952 osse

102 970 237 1030 dixisset,
256 972 289 1016 ut
308 971 419 1032 propter
435 965 707 1017 eum·civilebellum
719 976 935 1022 commove-un.>

102 1044 193 1093 retur.
229 1035 396 1089 Voluntaria
406 1040 497 1090 morte
507 1034 590 1094 obiit,
609 1037 752 1101 trigesimo
763 1041 791 1086 et
800 1041 873 1087 octa·
890 1057 917 1089 n.

103 1125 139 1160 vo
150 1106 251 1159 aetatis
262 1120 347 1166 anno,
359 1105 539 1171 nonagesimo
550 1108 578 1153 et
588 1106 684 1169 quinto
695 1105 803 1169 imperii
814 1104 866 1155 dia
886 1107 920 1177 69

157 1178 244 1243 Cap.
263 1174 364 1227 XVlll.
384 1174 468 1235 (xii.)
501 1172 874 1240 Deinvmuuumsimpe-

103 1250 149 1298 rio
159 1246 264 1312 potitus
275 1249 332 1306 est,
346 1240 454 1293 familia
465 1241 603 1293 honorata
614 1244 715 1311 nragis,
730 1251 813 1311 quam
824 1258 873 1295 no-

98 1315 166 1367 bilia
198 1313 269 1366 Nam
283 1318 364 1379 pater
379 1312 439 1363 eius
454 1326 510 1364 non
525 1312 675 1363 admodum
691 1312 768 1364 clare
782 1319 874 1378 natus,

105 1390 163 1435 tres
182 1390 278 1438 tamen
298 1381 456 1434 ordinarios
473 1387 599 1447 gesserat
614 1381 784 1434 consulatus.
819 1383 875 1435 llio

105 1468 168 1504 oum
183 1453 274 1517 multo
290 1451 602 1533 dedecoreimperavit,
622 1458 652 1504 et
666 1453 744 1519 gravi
755 1454 874 1505 saevitia
954 1445 965 1464 '

52 1514 57 1547 ”
104 1523 253 1583 notabilis,
263 1522 412 1587 praecipue
421 1521 544 1588 ingluvie
555 1527 583 1575 et
593 1524 760 1575 voracitate:
772 1524 874 1589 quippe

108 1595 172 1641 cum
192 1591 229 1642 ue
248 1589 293 1640 die
307 1604 389 1654 saepe
402 1596 500 1657 quarto
518 1589 561 1640 vel
576 1593 674 1657 quinto
690 1588 874 1655 feraturepu·

106 1659 190 1711 latus.
226 1654 380 1711 Notissima
395 1665 470 1711 certe
485 1673 573 1711 coena
583 1659 732 1727 memoriae
743 1659 875 1710 mandata

106 1732 247 1795 esi‚quun1
259 1730 286 1780 si
297 1727 427 1780 Vitellius
439 1728 528 1780 frater
537 1727 675 1794 exhibuit3
686 1729 713 1777 in
724 1741 785 1793 qua,
791 1741 875 1792 super

107 1803 216 1849 ceteros
226 1803 347 1859 sumtus,
358 1797 413 1847 uiuo
424 1797 514 1848 millia
524 1799 654 1862 piscium,
665 1803 771 1863 septem
781 1796 873 1847 arium

107 1866 198 1918 millia
208 1866 503 1933 apposita'traduntrir.
521 1868 576 1918 llio
585 1884 647 1935 eum
659 1864 764 1927 Neroni
776 1864 874 1916 similis

108 1946 169 1988 osse
181 1936 282 1998 uellet,
302 1941 387 2007 atque
396 1935 425 1987 id
437 1935 508 1987 adeo
519 1951 585 2001 prae
596 1951 626 1988 se
636 1935 735 1996 ferret,
745 1940 778 1985 ut
786 1937 874 1986 etiarn

110 2003 875 2072 exsequiaslleronis,quaehumiliter-sepultaefuerant,

108 2066 272 2136 honoraret.
280 2089 297 2124 a
308 2073 473 2141 Vespasiani
484 2073 599 2127 ducibus
609 2077 715 2125 occisus
726 2080 777 2136 est,
788 2076 874 2126 inter·

108 2141 181 2194 fecto
192 2145 269 2209 prius
280 2143 400 2205 Sabino,
415 2143 575 2208 Vespasiani
585 2144 762 2210 imperatoris
776 2143 875 2206 fratre,

109 2227 187 2278 quom
199 2226 266 2265 arun
278 2212 415 2278 Capitolio
432 2213 561 2266 incendit.
597 2213 764 2267 interfectus
779 2217 874 2265 autem
919 2256 924 2263 .

108 2286 162 2343 est,
183 2287 296 2349 etheum
317 2296 417 2349 magno
433 2281 569 2333 dedecoro
583 2289 690 2334 tractus
706 2296 757 2348 per
774 2281 872 2331 urbem

106 2349 367 2416 Romamrpublicffi
391 2350 493 2412 nudus,
512 2356 607 2402 erecta
625 2367 705 2402 coma
724 2355 753 2402 et
772 2351 872 2415 capite,

25 2456 31 2469 .
108 2419 232 2469 subiecto
244 2420 279 2470 ad
292 2422 415 2470 mentum
427 2419 534 2486 gladio,
550 2426 674 2472 stercore
683 2422 712 2469 in
725 2418 833 2468 vultum
844 2418 874 2468 ei
899 2406 911 2431 '

109 2492 203 2552 peetus
219 2489 252 2539 ab
268 2488 394 2537 omuibus
410 2489 658 2553 obviisappetitus3
678 2489 819 2553 postremo
829 2488 934 2537 iu-r.o·'

109 2552 235 2622 gulatus,
256 2557 328 2607 etin
344 2556 468 2608 Tiberim
484 2554 620 2619 deiectus,
639 2559 722 2607 etiam
732 2552 871 2607 communi.
888 2568 915 2603 a.

112 2622 377 2687 caruitsspuiturn
401 2623 489 2685 Periit
505 2631 599 2677 autem
621 2626 721 2677 aetatis
740 2631 813 2672 anuo
834 2629 876 2668 so·
890 2619 924 2687 69
951 2660 953 2663 ,
