2042 2975
189 104 226 152 00
453 94 694 149 EUTROPH

182 197 327 268 ¹Oceanum
342 200 533 253 Britannicum
549 200 691 265 processit.
725 197 842 260 Domult
856 199 967 248 autem

188 272 268 323 anrris
285 287 381 323 rnorem
398 271 456 321 fere
467 284 576 320 oannem
589 267 723 329 Galliam,
744 282 813 334 quae
823 268 900 317 inter
911 265 967 315 Al·

188 355 251 408 pes,
269 340 370 392 llumen
385 338 561 399 Rhodanum,
573 337 698 387 Rhenum
708 342 736 387 ct
747 336 887 387 Oceanum
902 340 966 397 est,

185 415 218 461 et
239 411 354 461 circuitu
375 412 456 473 patet
470 406 504 457 ad
524 406 567 455 bis
583 415 612 457 et
627 407 721 456 tricies
733 413 850 456 centena
865 403 967 454 millia

126 491 177 532 au.
187 491 326 544 passuum.
363 476 504 526 Britannis
526 489 589 525 mox
604 474 707 525 bellum
724 474 832 535 intulit,
854 474 966 538 quibus

123 548 179 617 1398
190 553 254 598 ante
265 563 326 597 eum
339 561 372 594 nc
382 559 483 594 nomen
495 544 605 610 quidem
611 545 799 594 Romanorum
812 543 967 607 cognitum·

188 620 311 674 erat3¹ct
321 627 367 663 eos
378 628 487 679 qrinquc
498 614 599 675 victas,
611 611 751 671 obsidibus
762 611 898 676 acceptis,
909 610 965 659 sti-

187 683 344 754 pendiarios
356 680 429 740 fecit,
453 680 564 731 Galliae
574 685 667 730 autern
679 680 775 729 tributi
788 681 899 729 nominc
910 693 964 727 an-

188 766 274 801 nuum
291 752 435 816 imperarit
449 751 608 801 sestertium
624 748 865 816 quadringenties,
887 747 961 797 Ger-

187 833 339 886 manosque
362 824 440 868 trans
458 813 584 870 Rhenum
606 829 771 885 aggressus,
791 817 962 868 immanissi-
1013 794 1015 863 ἶ

187 889 241 938 mis
261 888 374 954 proeliis
392 888 465 938 vicit.
501 887 640 938 lnter‘tot
659 900 803 937 successus
823 890 867 935 ter
882 884 961 935 nrale
1013 874 1015 945 l

187 960 331 1025 pugnavit:
348 956 571 1022 apuddrrernos
591 957 676 1008 semel
697 969 841 1023 praesens,
862 959 891 1005 et
911 954 961 1003 ab·
1013 948 1014 965 ¹

188 1040 252 1075 sens
265 1028 293 1076 in
311 1025 460 1077 Germania
473 1021 524 1075 bis.
561 1025 631 1076 Nam
649 1025 735 1091 legati
750 1026 808 1075 eius
819 1023 889 1084 dun,
910 1017 961 1073 Ti·

187 1097 279 1145 turius
291 1102 319 1145 et
329 1094 545 1155 Aurunculeius,
560 1110 609 1159 per
619 1089 814 1146 insidia'scaesi
828 1096 901 1142 sunt.

242 1165 262 1213 C
273 1179 290 1213 a
300 1178 325 1227 p.
342 1162 395 1214 XV
397 1163 444 1212 lll.
462 1162 547 1223 (XV.)
567 1165 644 1212 Circa
655 1162 750 1213 eadem
763 1168 897 1227 tempera,
908 1174 959 1210 an·

127 1239 177 1277 tu.
188 1244 225 1280 nn
244 1231 320 1281 urbis
331 1230 627 1291 canditaencxcvrr,
647 1232 686 1288 Μ.
697 1230 819 1281 Licinius
831 1232 957 1290 Crassus,
1013 1247 1015 1318 y

115 1296 178 1366 ¹697
190 1298 298 1365 collega
314 1299 362 1348 Cn.
375 1298 499 1363 Pompeii
509 1298 604 1362 Magni
620 1299 648 1347 in
665 1299 810 1349 consulatu
821 1297 956 1360 secunde,
1013 1321 1015 1350 r

127 1374 177 1411 bu·
188 1373 286 1418 contra
297 1365 413 1428 Parthos
425 1368 523 1416 missus
533 1371 584 1426 est,
590 1372 619 1416 et
627 1381 689 1416 cum
701 1368 880 1417 circadarras
891 1381 954 1416 con·
1013 1397 1014 1434 ,

128 1429 178 1501 699
190 1443 234 1488 tra
246 1437 338 1505 nmina
348 1442 376 1489 et
386 1437 508 1504 auspicia
519 1436 685 1499 dimicasset,
696 1450 712 1487 a
723 1434 839 1497 Surena,
850 1435 953 1486 Orodis

190 1506 264 1576 regis
275 1505 360 1579 duce,
371 1509 476 1568 rietus,
491 1507 526 1557 ad
537 1512 721 1572 prestrcmum
732 1505 897 1558 interfectus
909 1511 952 1556 est

190 1590 251 1629 cum
273 1576 345 1640 lilio,
366 1576 518 1628 clarissimo
539 1581 569 1627 ct
588 1578 827 1643 praestantissimo
842 1577 950 1626 iuvene.

188 1644 333 1712 licliquiae
354 1648 492 1697 exercitus
511 1661 563 1711 per
583 1647 611 1696 C.
627 1647 753 1695 Cassium
774 1648 949 1708 quaestorem

93 1750 100 1767 1
189 1722 315 1766 servatae
326 1720 399 1773 sunt,
407 1713 592 1779 quisingnlari
605 1715 696 1760 anime
708 1711 830 1776 perditas
841 1716 949 1761 restan-

188 1788 219 1833 ta
227 1785 327 1832 virtute
334 1783 503 1838 restituit‚ut
510 1778 616 1837 Perses,
623 1777 732 1829 rediens
742 1784 821 1830 trans
827 1778 949 1845 Euphra·

187 1850 373 1908 temeretur
384 1846 497 1912 proeliis
507 1848 639 1897 vinceret.
875 1895 878 1901 Ι

202 1924 205 1931 ’
243 1918 327 1982 cap.
347 1916 421 1966 xlx.
439 1914 547 1978 (xvi.)
583 1915 656 1966 Hinc
675 1917 729 1967 iam
748 1916 853 1969 bellum
873 1915 950 1966 civile

135 1979 155 1993 “
188 1987 323 2037 successit
337 1985 537 2036 exsecrandum
549 1989 577 2035 et
588 1984 780 2050 lacrymabile,
796 2001 864 2053 quo,
875 1999 949 2049 prae·
1011 1979 1014 1996 '

187 2058 233 2105 ter
242 2055 428 2115 calamitates,
439 2068 509 2121 quae
520 2055 547 2103 in
558 2054 672 2118 proeliis
683 2055 856 2113 acciderunt,
868 2054 949 2102 etiam

189 2116 289 2187 Populi
300 2124 414 2177 Romani
420 2123 541 2173 fortuna
550 2127 656 2173 nrutata
668 2129 718 2174 est.
755 2123 858 2172 Caesar
869 2120 948 2183 enim,
961 2176 974 2193 ·

187 2191 297 2243 rediens
310 2208 344 2244 ex
354 2191 452 2244 Gallia
467 2195 568 2255 rietur,
588 2194 679 2258 eoepit
700 2205 815 2257 poscere
831 2189 946 2240 alterum

189 2261 379 2325 correulatum,
397 2267 480 2328 atque
489 2263 542 2321 ita,
556 2269 589 2311 ut
598 2263 657 2311 sine
668 2261 809 2311 dubietate
820 2259 846 2309 ei
857 2258 946 2324 aliqua

185 2328 357 2397 deferretur.
394 2331 602 2381 Contradictum
623 2336 666 2380 est
679 2345 695 2381 a
706 2327 841 2379 Marcelle
856 2339 919 2378 cus.
930 2341 947 2376 a
1009 2324 1012 2331 ’

128 2406 180 2447 bu.
191 2397 303 2458 ssibulc,
323 2414 340 2449 a
350 2399 496 2465 Pompeio,
507 2415 523 2449 a
535 2401 653 2462 Catane,
673 2403 817 2465 iussusque
833 2395 945 2447 dimissis

130 2466 181 2527 7⁰3
192 2469 359 2533 exercitibus
374 2470 408 2519 ed
420 2469 515 2518 urbem
527 2468 626 2520 redire.
662 2468 780 2535 Propter
789 2482 868 2534 quam
881 2464 944 2512 iniu-

192 2538 262 2590 riam
274 2538 308 2587 ab
318 2537 455 2599 Arimino,
464 2539 508 2588 ubi
521 2538 621 2589 milites
632 2542 814 2605 congregatos
824 2533 944 2593 babebat,

191 2607 336 2663 adeersum
353 2609 470 2674 patrium
488 2623 549 2658 cnm
565 2610 781 2661 exereiturcnit.
817 2600 943 2655 Consules
