2042 2975
369 124 519 178 aranu
545 123 597 178 rx,
704 84 708 88 ’
829 123 865 178 ss

151 231 236 296 Cap.
254 227 344 281 xxn.
361 228 457 292 (xlv.)
474 229 587 288 ltacum
593 242 757 295 peromnem
768 225 864 281 orbe'm

92 302 240 350 terrarum
250 313 296 349 res
307 299 435 367 turbatae
447 302 549 359 essent,
557 298 706 348 Carausius
716 301 744 348 in
754 299 864 350 Britan·

92 369 151 419 niis
171 366 344 428 rebellaret,
368 365 508 417 Achilleus
527 367 556 417 in
575 369 722 432 Aegypto,
743 367 863 420 Africam

94 436 354 501 Quinquegentiani
364 434 544 496 infestarent,
555 433 678 485 Narseus
690 435 798 486 Orienti
808 434 865 485 bel·
874 449 922 484 ne.

36 559 39 562 ,
93 503 159 554 lum
169 502 494 564 inferret-Diocletianus
505 516 725 555 nsxrurrnun
736 515 865 554 assuu-
881 520 907 552 s.

96 585 189 622 niuis
200 586 234 621 cx
244 572 361 622 Caesare
373 570 440 622 fecit
449 574 618 637 Augustum,
634 572 826 650 Constanffum
837 574 866 621 ot
876 570 923 622 286

95 640 301 691 Maximianum
309 641 455 691 Caesares:
467 654 583 706 quorum
590 640 768 696 Constantius
777 655 826 706 per
836 641 866 690 li·

98 707 171 759 liam
182 722 266 773 nepus
277 709 384 759 Claudii
395 708 529 759 traditur:
542 709 866 775 MaximianusGalerius

97 776 130 826 in
137 776 228 827 Dacia
237 776 310 827 haud
322 777 406 843 longe
416 776 555 828 aSardica
565 782 656 828 natus.
674 779 765 845 Atque
774 785 806 829 ut
816 792 865 831 eos

100 846 189 897 etiarn
210 846 344 896 affinitate
363 848 563 913 coniungeret,
585 846 763 899 Constantius
784 850 866 914 priri-

100 927 190 980 gnam
201 912 326 963 Herculii
337 911 511 965 Theodoram
525 915 645 979 accepit,
656 929 755 982 etqua
768 923 867 981 postea

101 995 155 1032 sex
166 978 284 1042 liberos,
296 982 467 1033 Constantini
478 981 595 1043 fratres,
605 980 716 1033 habuit:
735 983 866 1036 Galerius

101 1049 192 1100 liliam
204 1047 373 1114 Diocletiani
389 1049 540 1102 Valeriam:
560 1050 641 1101 ambo
661 1065 776 1114 uxores,
796 1067 865 1118 quas
876 1073 925 1108 nc.

100 1117 275 1179 habuerunt,
296 1120 441 1184 repudiare
460 1118 606 1185 compulsi.
643 1119 711 1170 Cum
733 1117 866 1172 Cerausio
883 1144 909 1177 n.

100 1193 212 1248 minen,
229 1201 290 1236 curn
301 1187 376 1239 bella
385 1187 490 1239 frustra
500 1192 609 1242 tentata
618 1193 712 1240 esseut
721 1195 819 1240 contra
829 1192 866 1240 vi·
878 1198 928 1264 289

102 1269 167 1306 runi
176 1255 219 1305 rei
230 1255 359 1306 militaris
369 1257 579 1322 peritissimum,
589 1255 625 1306 ad
634 1263 803 1328 postremum
814 1273 868 1325 pax
877 1278 927 1311 uc.

104 1324 242 1375 convenit.
278 1326 349 1375 Eum
365 1331 428 1391 post
436 1327 610 1392 septennium
621 1325 757 1389 Allectus,
774 1330 866 1380 socius
884 1347 911 1382 s.

106 1392 175 1454 eius,
187 1391 296 1456 occidit,
306 1399 388 1461 atque
398 1395 457 1460 ipse
467 1400 530 1460 post
540 1409 602 1445 euni
613 1393 772 1446 Britannias
783 1397 867 1449 trien·
877 1401 928 1468 ²95

104 1462 265 1513 nictenuit:
286 1463 331 1530 qui
343 1462 426 1515 ductu
435 1461 637 1529 asclepiodoti,
646 1463 779 1529 praelecti
790 1480 868 1532 praa-

105 1532 194 1591 torio,
204 1534 246 1581 est
255 1545 412 1599 oppressus.
449 1531 495 1583 lta
503 1531 667 1589 Britanniae
678 1533 784 1585 decimo
794 1550 866 1588 anno
878 1532 928 1603 296

104 1613 171 1651 rece
220 1613 244 1650 e.

159 1605 242 1734 ῦρὲὃρ.
259 1665 360 1720 xxm.
376 1663 472 1730 (XV.)
504 1662 562 1718 Per
570 1663 645 1717 idem
654 1668 790 1734 tempusa
801 1670 868 1722 con·
878 1690 929 1727 ac.
945 1720 949 1727 ,

107 1737 228 1787 stantino
240 1737 358 1788 Caesare
368 1739 396 1787 in
408 1735 502 1787 Gallia
511 1740 665 1803 pugnatum
676 1743 720 1788 est
729 1737 870 1790 circuliin-
887 1762 911 1794 n.

108 1818 209 1872 genas>
226 1806 271 1857 dio
286 1820 342 1857 una
357 1806 502 1858 adversam
516 1810 545 1856 et
558 1805 713 1858 secundam
725 1805 867 1860 fortunam
878 1812 928 1881 29⁶

85 1869 91 1880 '
108 1879 238 1937 expertus
248 1879 299 1925 est.
335 1873 406 1925 Nam
417 1879 494 1938 cum,
508 1880 625 1940 repente
639 1875 764 1928 barbaris
774 1876 868 1945 ingru-

108 1943 229 2002 entibus,
238 1944 312 1993 intra
322 1943 458 1995 civitatem
470 1949 544 1996 esset
555 1948 683 2007 coaetus,
698 1950 754 1997 tam
765 1947 870 2012 praeci·

107 2010 160 2075 piti
178 2012 356 2075 necessitate,
373 2018 406 2063 ut
419 2013 521 2064 clausis
534 2014 625 2078 portis
638 2013 667 2063 in
679 2029 787 2065 murum
799 2016 870 2068 fuul-

80 2124 82 2127 .
109 2079 158 2128 bus
173 2077 334 2142 tolleretur3
353 2082 399 2131 rix
414 2085 480 2149 quin
501 2096 536 2132 ue
550 2079 626 2132 horis
637 2082 750 2147 mediis,
768 2085 869 2137 adven·

106 2151 184 2196 tante
192 2098 644 2217 exereitu,sessginta}eremillia
652 2150 868 2206 Alamannorum

109 2214 212 2266 cecidit.
247 2215 434 2269 Maximianus
450 2219 710 2287 quoquedugustus
722 2220 826 2272 belluni
839 2226 866 2272 in
877 2241 927 2275 nc.

108 2283 372 2350 Africaproiligarit‚
383 2286 495 2338 domitis
505 2288 780 2354 quinquegentianis,
791 2295 819 2340 et
829 2286 864 2343 ud
882 2312 910 2346 n.

38 2352 54 2361 “
108 2366 200 2417 pacem
215 2353 345 2404 reductis.
381 2355 573 2407 Diocletianus
594 2357 734 2407 obsessum
749 2348 865 2410 Alexan·
878 2379 926 2430 ²97

109 2420 183 2471 driae
192 2420 347 2472 Achilleuni
358 2428 454 2475 octavo
465 2422 524 2476 fere
535 2439 629 2475 menso
639 2427 788 2490 superarit,
794 2442 867 2485 uini·

111 2502 160 2552 quc
179 2489 329 2541 interiecit.
365 2491 492 2544 Victoria
509 2494 607 2544 acerbe
622 2506 687 2541 usus
704 2500 760 2555 est;
780 2500 868 2544 totam

111 2556 263 2621 Aegyptum
278 2558 409 2624 gravibus
423 2561 670 2626 proscriptionibus
685 2560 870 2624 caedibusque
910 2607 919 2617 ,

114 2622 240 2673 foedarit.
275 2627 318 2676 Ea
335 2634 430 2679 nmen
443 2630 588 2679 occasione
602 2627 740 2744 qrdinarit
754 2626 868 2691 provide
