2042 2975
183 25 217 80 14
263 15 268 20 ⁸
303 73 308 79 .
445 21 686 88 EUTROPII

177 128 234 178 iam
249 120 374 193 Pyrrhus
386 123 509 193 fugarat,
530 124 743 192 elephantorum
753 124 859 178 auxilia
868 126 944 190 rieit,

180 196 409 261 quosiucognitos
416 195 534 248 Romani
545 201 729 260 expaverunt3
738 196 788 246 sed
798 210 853 246 nox
864 211 945 261 proe-

180 263 219 316 lio
229 265 311 316 tinem
322 264 406 318 dedit.
430 263 570 316 Laevinus
579 270 672 315 tamen
683 270 851 331 pernoctem
862 264 946 334 sugit'

179 331 306 398 Pyrrhus
317 333 457 384 Romanos
468 329 545 383 mille
556 332 729 398 octingentes
740 335 826 398 cepit,
840 347 944 400 eosque

143 458 145 462 y
179 415 288 451 sumum
299 399 404 451 honore
415 403 558 465 tractavit3
578 404 685 452 occisos
695 401 830 468 sepelivit.
867 403 944 464 Quos

127 522 130 527 ,
179 485 243 522 cum
258 469 374 521 adverso
384 469 500 521 vulnere
511 475 540 521 et
550 472 622 522 truci
631 471 710 521 vultu
722 473 807 523 etiam
819 477 945 522 mortuos

180 540 272 591 iacere
292 538 418 606 vidisset,
437 539 536 591 tulisse
557 539 715 598 adcoelum
726 554 823 590 manus
834 540 946 604 dieitur,

183 624 244 660 cum
251 605 303 659 hac
311 623 389 660 roca:
398 624 427 658 ae
437 607 599 660 tetiuaarbia
609 609 743 662 donatiuum
753 624 807 660 rare
813 608 945 679 potuim,

120 687 123 692 '
181 676 539 731 aitateraa'ba'mititeseont'
564 677 570 690 ⁴
596 685 649 731 eat.

120 761 172 800 au.
234 747 320 812 Gap.
339 746 399 800 ΧΠ.
418 747 504 809 (Vll.)
556 753 634 800 oste'a
643 743 882 813 Pyrrhus,irinetis
892 744 945 798 sihi

119 819 171 887 472
183 815 365 877 Samnitibus,
377 814 513 879 Lucanis,
527 817 713 885 Bruttiisque,
726 817 840 868 Roaiam
854 829 947 887 perre-

178 886 343 949 xit,‚prunia
353 884 429 936 ferro
439 883 551 953 ignique
562 887 693 954 vastarit,
714 883 888 951 Campaniam
900 882 948 934 de·

180 953 391 1024 populatusest,
401 959 485 1022 atque
493 955 533 1007 'ad
543 954 722 1010 Praenestem
733 955 808 1006 venit
819 952 947 1021 miiliprio

181 1025 217 1076 ah
229 1024 296 1076 urbe
305 1029 403 1075 octavo
414 1023 530 1077 decimo.
548 1026 735 1090 Monterrore
744 1021 947 1087 exercitus,qui

181 1107 245 1143 oum
255 1090 369 1143 consule
378 1107 409 1142 se
429 1095 557 1154 uebatur,
563 1096 591 1142 in
604 1089 781 1158 Campaniam
793 1106 825 1142 se
834 1092 947 1155 recepit.

182 1160 283 1225 Legati
303 1159 339 1210 ad
350 1158 421 1224 Pyrr
441 1176 486 1211 um
501 1161 537 1211 de
551 1160 719 1213 redimendis
735 1161 849 1227 captivis
859 1157 948 1220 missi,

181 1229 217 1280 ab
229 1241 263 1277 aa¹
272 1225 423 1281 honorifice
433 1229 555 1293 suscepti
566 1235 644 1290 sunt3
655 1232 777 1295 captivos
787 1229 845 1279 sine
856 1228 948 1293 pretio

181 1296 299 1356 Romam
309 1296 393 1346 misit.
429 1293 519 1346 Unum
531 1311 564 1347 ex
575 1296 675 1363 legatis
685 1298 886 1357 Romanorum,
895 1294 948 1347 Fa·

178 1366 317 1428 hristum,
334 1365 375 1414 sic
390 1361 543 1415 admiratus
553 1371 609 1427 est,
628 1370 673 1427 ut,
693 1380 754 1416 cura
770 1380 832 1416 eum
847 1378 948 1428 paupe·

182 1449 313 1487 ramesse
326 1433 509 1501 cognovisset,
515 1439 616 1502 quarta
625 1437 705 1501 parte
715 1434 794 1501 regni
805 1431 949 1499 promissa,

116 1552 120 1563 ,
132 1531 138 1537 ·
183 1503 470 1568 soihnmrenotuerit,
476 1504 550 1557 utad
560 1520 590 1556 se
602 1504 749 1566 transiret}
760 1506 949 1568 contemptus·

118 1612 130 1633 ,.
179 1574 413 1643 queaFahriciu
429 1579 479 1627 ast.
516 1575 609 1638 Quare
625 1590 685 1627 cum
702 1572 828 1640 Pyrrhus
842 1570 949 1638 ingenti

125 1642 129 1647 ’
184 1643 370 1705 Ramarrorum
378 1643 562 1694 admiratione
573 1648 724 1701 teneretur,
731 1641 853 1705 legatum
865 1638 949 1701 misit,

185 1714 233 1780 qui
243 1727 338 1778 pacem
348 1712 445 1776 aequis
456 1709 659 1777 conditionibus
670 1712 790 1772 peteret,
806 1707 950 1773 praecipu-

185 1796 234 1831 um
244 1781 348 1839 risum,
359 1779 472 1827 Cineam
482 1776 607 1836 nomine,
617 1777 657 1825 ita
665 1780 697 1824 ut
707 1773 831 1838 Pyrrhus
841 1781 949 1840 partem

134 1876 137 1881 ·
184 1847 296 1908 ltaliae,
307 1861 389 1913 quam
400 1846 455 1895 iam
467 1846 552 1894 armis
563 1846 757 1908 occupaverat,
768 1843 913 1895 obtineret.

176 1958 179 1959 γ
239 1915 323 1981 Cap.
341 1913 415 1965 xlii.
450 1911 509 1965 Pax
529 1909 682 1977 displicuit,
701 1912 950 1980 remandatumque
983 1974 989 1983 ι

185 1981 328 2048 Pyrrhoa
342 1986 441 2033 senatu
456 1986 512 2043 est,
532 1995 595 2032 eum
611 1995 672 2030 cum
684 1979 829 2045 Romanis,
849 1982 950 2033 nisiex

185 2051 269 2107 ltalia
280 2051 453 2112 recessisset,
464 2063 560 2115 pacem
571 2047 673 2100 habere
683 2062 739 2099 non
749 2064 839 2115 posse.
874 2052 947 2100 Turn

177 2120 304 2173 >Romani
318 2121 460 2171 iusserunt
475 2118 597 2183 captivos
612 2132 720 2181 omnes,
739 2124 810 2186 quos
823 2116 948 2187 Pyrrhus

185 2188 359 2248 reddiderat,
378 2185 495 2241 infames
504 2184 614 2250 haberi,
634 2185 708 2253 quod
719 2189 819 2241 armati
830 2188 890 2253 capi
901 2199 948 2251 po·

162 2266 165 2271 ’
185 2257 318 2319 tuissent,
333 2270 388 2307 uae
403 2260 468 2305 aute
480 2269 532 2306 eos
546 2256 581 2307 ad
592 2262 714 2308 veterem
723 2261 827 2309 statum
836 2256 948 2317 reverti,
967 2296 972 2301 .
1005 2272 1008 2277 ⁴

186 2339 269 2393 quam
288 2327 312 2376 si
331 2325 458 2376 binarum
476 2323 596 2375 hostium
608 2327 762 2376 eccismum
775 2324 865 2391 spolia
874 2328 947 2375 retu·
983 2344 987 2351 ·

185 2394 292 2448 iissent
327 2394 371 2446 ita
390 2392 610 2461 legatusPyrrhi
624 2409 752 2446 reversus
767 2398 819 2444 est.
853 2395 875 2444 Α
890 2406 945 2459 quo

187 2478 250 2517 oum
261 2467 408 2531 quaereret
417 2462 557 2528 Pyrrhus,
571 2465 675 2532 qualem
684 2461 797 2513 Romam
806 2460 946 2528 comperis·

188 2533 249 2588 rati
267 2534 364 2587 Cineas
379 2530 462 2584 dixit:
480 2548 575 2605 regum
586 2549 615 2584 re
624 2529 748 2602 patriam
761 2528 877 2590 sidium
895 2528 944 2582 aci·
