2042 2975
308 157 319 170 N
372 96 522 153 arans
548 97 583 153 rc
825 100 862 155 os

82 205 131 259 dis
142 202 294 257 confestim
302 202 379 256 bella
388 201 467 254 iliata
477 205 551 265 sunt,
558 216 648 271 neque
658 215 714 269 pax
723 207 787 255 rata
796 202 859 257 fuit.

59 311 61 318 ι
81 274 144 328 Sed
156 275 224 325 dum
235 274 376 325 aemulum
386 273 494 338 imperii
505 276 628 334 veretur,
639 273 713 322 intra
723 276 861 325 orientem

82 344 225 405 residens,
236 342 345 410 gloriae
356 356 453 406 perum
464 340 613 392 consuluit.
649 340 747 407 ltaque
757 344 812 393 iter
821 344 921 398 inne.
1012 343 1013 350 ’

84 427 204 480 gressus
213 417 299 479 atque
310 410 456 477 illyricum
467 416 574 475 petens,
580 409 609 458 in
619 408 750 468 Galatiae
761 411 860 462 tinibus
876 432 903 465 n.

85 484 238 547 repentina
248 485 338 532 morte
349 480 430 531 obiit:
446 479 489 529 vir
497 479 568 530 alias
578 492 670 546 neque
680 479 764 543 iners,
773 493 861 548 neque
871 483 922 538 364

85 550 129 602 im
151 550 263 602 rudens.

131 564 230 684 l'Cap
248 615 346 669 xvln.
365 614 451 667 Multi
461 616 648 667 exanimatum
660 619 812 683 opinantur
821 618 862 669 ni-

90 686 152 737 mia
171 687 321 748 cruditate3
340 687 416 737 inter
431 685 605 752 coenendprn
623 686 697 737 eninr
713 686 804 753 opulis
819 688 861 737 in·

91 755 229 806 duiserat:
250 755 297 805 aiii
317 754 405 806 odore
416 754 547 815 cubiculi,
567 754 640 822 quod
651 770 685 806 ex
702 756 807 807 recenti
822 760 863 809 te·

92 825 184 875 ctorio
196 824 280 874 calcis
289 838 373 890 grave
383 824 590 890 quiescentibus
602 829 676 875 orat:
697 825 808 892 quidam
818 829 861 876 ni·

91 893 211 943 mietate
221 907 380 957 prunarum,
389 906 458 957 quas
469 893 546 958 gravi
558 891 663 959 frigore
674 892 780 945 adoleri
790 894 860 944 rnul-

90 967 139 1011 tas
150 963 278 1011 iusserat
295 960 418 1011 Decessit
427 962 637 1027 imperiimense
647 965 860 1028 septimo,quar·
869 978 920 1014 nc.

90 1034 125 1080 to
135 1028 245 1080 decimo
254 1027 373 1079 Kalend.
383 1030 516 1092 Martias3
536 1030 651 1091 aetatis,
672 1035 703 1078 ut
712 1032 759 1096 qui
776 1030 860 1094 pluri·
877 1051 904 1083 n.

91 1113 169 1150 mum
179 1111 214 1149 ac
223 1099 365 1148 minimum
376 1098 506 1160 tradunt,
526 1099 610 1148 tertio
621 1104 651 1149 et
660 1100 803 1165 trigesimo
813 1114 859 1149 an·
870 1101 921 1154 564

69 1225 75 1234 ,
91 1181 143 1228 no,
154 1179 187 1216 ac
199 1163 553 1234 benignitate'principum,
564 1168 610 1234 qui
621 1168 646 1217 ei
657 1172 861 1232 successerunt,

91 1235 168 1286 inter
181 1235 261 1286 divos
269 1234 378 1286 relatus
388 1242 439 1287 est.
476 1236 548 1289 Nam
560 1242 588 1288 et
598 1236 725 1287 civilitati
737 1239 863 1303 propior,

94 1308 124 1356 et
137 1309 239 1354 natura
253 1304 402 1355 admodum
413 1304 538 1356 liberalis
548 1305 610 1356 fuit.
649 1307 715 1368 (X.)
732 1306 759 1355 ls
770 1312 860 1357 status

96 1377 157 1424 erat
166 1373 308 1426 Romanae
322 1375 377 1436 rei,
398 1375 510 1425 loviano
531 1376 628 1428 eodem
644 1381 673 1426 et
683 1375 859 1428 Varroniano

96 1454 183 1493 coss.
202 1455 276 1494 anno
299 1443 376 1495 urbis
397 1443 527 1496 conditae
540 1445 688 1496 millesimo
709 1446 861 1498 centesimo

96 1516 125 1562 et
134 1524 206 1562 nono
217 1512 334 1563 docimo.
370 1512 443 1572 Quia
453 1518 546 1563 eutem
558 1514 594 1564 ed
602 1514 714 1564 inclitos
725 1516 860 1579 principes

96 1581 322 1648 venerandosque
332 1586 497 1646 perventum
514 1587 569 1641 est,
589 1583 700 1631 interim
716 1585 793 1645 operi
805 1597 863 1635 nro-

96 1646 161 1698 dum
174 1649 311 1703 dabimus.
346 1646 418 1699 Nam
433 1647 543 1714 reliqua
553 1650 619 1699 stilo
630 1650 734 1698 maiore
744 1649 861 1700 dicenda

96 1721 173 1780 sunt3
192 1733 262 1786 quae
278 1733 352 1768 nunc
362 1732 416 1767 non
428 1724 485 1767 tarn
497 1718 757 1782 praetermittimus,
778 1733 861 1786 quam

97 1783 134 1835 ad
142 1787 274 1839 maiorem
284 1787 424 1839 scribendi
435 1786 609 1856 diligentiam
618 1801 804 1840 reservamus.
840 1844 852 1869 x
