2042 2975
155 166 159 173 ι
247 135 418 197 neiron.
439 91 583 200 mauu.
605 137 732 197 ciac.
749 143 773 197 ⁷.
879 144 916 218 ³9
947 165 958 178 „

107 249 200 306 delixi.
230 247 273 302 59.
282 247 336 301 Ubi
347 246 381 299 de
392 261 460 314 pace
472 262 527 299 non
538 247 678 310 convenit,
689 247 770 315 signa
780 249 915 305 cecinere.

103 324 150 378 60.
170 321 288 374 Constat
299 319 445 385 utriusque
457 317 640 386 confessione,
649 336 698 371 nee
708 320 802 372 melius
813 321 920 376 instrui

105 393 208 455 aciem,
229 407 279 443 nec
290 386 383 441 aerios
395 389 516 456 potniue
529 388 663 458 pugnari.
699 386 765 441 Hoe'
775 390 867 457 Scipio
881 392 916 446 de

101 458 453 522 Hannibalis,·llannibal
468 458 501 510 dc
511 459 651 525 Scipionis
669 460 793 512 exercitu
808 461 917 528 praedi·
933 463 938 468 “

105 537 252 587 caverunt.
288 525 330 580 61.
354 527 410 580 Sed
430 532 524 596 tamen
544 518 687 590 Hannibal
708 533 808 594 cessit,
838 525 916 598 prae'·

23 615 27 618 ·
104 605 253 669 miumque
263 598 402 661 victoriae
412 597 510 654 Africa
520 597 585 666 tuit,
608 605 638 658 et
648 607 783 671 sequutus
792 600 917 657 Africam

107 667 452 728 statimtenarumorbis.
547 723 554 727 ,
729 683 732 692 ’

427 782 596 799 m

363 842 552 898 CAPUT
587 841 668 899 Vll.

147 949 173 1005 1.
182 913 268 1003 Post
278 945 474 1018 Carthaginem
488 947 564 1001 vinci
574 951 713 1002 neminem
725 947 835 1017 puduit.
871 951 920 1005 Se·

105 1025 110 1032 '
151 1029 216 1074 utae
227 1021 323 1073 statim
334 1020 456 1072 Africam
468 1026 577 1087 gentes,
599 1020 775 1085 Macedonia,
791 1021 921 1086 Graecia,

108 1040 196 1164 gria
206 1098 353 1158 ceteraque
365 1090 470 1152 omnia,
491 1089 613 1156 quodam
632 1092 712 1159 quasi
730 1096 852 1144 aestuet
864 1098 922 1144 tor·

108 1169 191 1219 rente
212 1163 355 1215 fortunae:
391 1161 417 1213 Ζ
439 1160 481 1211 sic
500 1160 584 1227 primi
600 1162 723 1215 omnium
739 1161 921 1226 Macedones,

109 1236 261 1289 affectator
272 1230 413 1299 quondam
430 1231 543 1299 imperii
553 1233 683 1299 populus.
718 1233 816 1301 ltaque
827 1248 923 1300 quam·

60 1344 72 1356 a
109 1306 154 1359 vis
164 1311 232 1357 tunc
242 1287 390 1370 Philippus
400 1316 488 1372 regno
501 1304 684 1370 praesideret,
695 1304 817 1357 Romani
826 1310 923 1358 tamen

111 1377 246 1429 dimicare
268 1375 324 1427 sibi
345 1389 407 1425 eum
423 1387 490 1439 rege
505 1374 664 1427 Alexandro
679 1376 856 1428 videbantur.
893 1373 920 1428 3.

108 1446 325 1501 Macedonicum
337 1441 444 1498 bellum
454 1444 566 1497 nomine
578 1446 801 1567 amplius,‘‹?uam
813 1449 923 1515 specta·

38 1546 39 1551 =
110 1519 190 1570 tione
201 1516 293 1584 gentis
305 1515 369 1566 fuit.
393 1514 420 1565 4.
432 1516 524 1564 eausa
534 1517 626 1582 coepit
637 1515 711 1569 aloe
732 1532 778 1568 ere
788 1515 922 1584 Philippi,

4 1604 7 1610 ·
40 1602 46 1605 ·
84 1632 85 1635 ,
111 1590 169 1656 quo
186 1601 237 1638 rex
252 1583 430 1651 iampridem
442 1582 632 1636 dominantem
645 1584 923 1638 initaliallanniba·

111 1658 171 1711 lem
191 1657 248 1709 sibi
264 1655 439 1708 sociaverat:
460 1660 561 1720 postea
582 1653 684 1716 crevit,
705 1655 923 1722 implorantibus

110 1726 234 1781 Athenis
252 1724 391 1778 auxilium
413 1730 512 1787 contra
532 1720 753 1791 regisiniurias,
776 1741 859 1793 quum
873 1726 924 1779 ille

111 1798 191 1850 ultra
205 1797 248 1848 ius
264 1795 398 1848 victoriae
413 1797 442 1845 in
459 1793 578 1862 templa,
590 1811 664 1850 ,arao
684 1802 712 1849 et
723 1797 852 1864 sepulcra
862 1796 925 1863 ipsa

112 1858 245 1920 saeviret.
280 1865 391 1917 Placuit
403 1864 519 1917 Senatui
535 1880 616 1934 opem
635 1867 723 1919 tantis
735 1867 810 1921 ferre
820 1867 925 1935 suppli·

114 1937 202 1991 cibus.
238 1936 263 1990 5.
284 1936 393 2004 Quippe
404 1936 461 1987 iam
475 1940 600 2003 gentium
611 1950 702 2004 roges,
713 1937 806 2001 duces,
816 1937 925 2004 populi,

113 2007 254 2071 nationes,
266 2006 407 2074 praesidia
419 2007 472 2059 sibi
484 2008 519 2059 ali
530 2005 583 2058 hac
593 2008 662 2059 urbe
673 2008 814 2074 petebant.
829 2008 854 2060 o.
864 2007 924 2060 Pri·

63 2132 73 2153 ο
113 2092 191 2131 mum
201 2079 297 2148 igitur,
308 2077 433 2129 Laevino
446 2077 576 2140 Consule,
597 2079 716 2145 populus
727 2077 869 2139 Romanus
880 2078 924 2129 lo·

111 2150 191 2202 nium
209 2164 287 2201 mare
307 2149 463 2215 ingressus,
484 2154 547 2199 tota
562 2146 698 2201 Graeciae
714 2148 814 2200 littora
834 2146 924 2200 veluti

111 2217 299 2286 triumphanti
310 2219 400 2270 classe
411 2220 589 2285 peragrarit:
608 2236 611 2247 ‚
626 2219 651 2271 7.
664 2219 757 2286 spolia
767 2219 869 2287 quippe
880 2217 924 2271 Si·

113 2290 207 2352 ciliae,
217 2288 373 2350 Sardiniae,
385 2288 551 2354 Hispaniae,
561 2287 674 2341 Africae
685 2288 879 2356 praeferebat:
893 2291 924 2341 et

111 2360 293 2415 manifestam
306 2357 455 2411 victoriam
469 2365 537 2410 nata
552 2360 582 2410 in
598 2360 743 2427 praetoria
760 2373 796 2426 pu
818 2358 847 2426 pi
862 2358 925 2410 lau·

114 2440 165 2484 rus
175 2428 385 2498 pollicebaturs
409 2428 435 2480 8.
457 2428 563 2481 Aderat
578 2435 678 2497 sponte
692 2428 719 2480 in
730 2373 867 2481 auxifium
878 2431 927 2481 At·

115 2500 204 2564 talus,
214 2514 265 2551 rex
274 2498 524 2565 Pergamenorum:
546 2499 663 2551 aderant
672 2496 785 2562 Rhodii,
797 2499 926 2551 nauticos

116 2571 254 2641 populus,
274 2571 324 2636 qui
337 2569 435 2620 obvius
446 2583 463 2619 a
474 2569 560 2634 mari,
582 2568 686 2621 Consul
701 2584 718 2621 a
734 2570 819 2621 terris
831 2567 928 2617 omnia

118 2640 198 2707 equis
208 2638 332 2706 virisque
342 2638 497 2705 quatiebat.
534 2637 559 2693 9.
582 2637 632 2689 Bis
644 2630 810 2695 rictusrex‚
829 2634 873 2684 bis
884 2632 928 2683 fu·

120 2715 218 2783 gatae
239 2708 407 2783 bisexutus
429 2701 929 2781 casuisaquuuttamennihilterri·
