2042 2975
346 75 496 130 LIBER
523 77 591 131 Vll.
815 75 849 130 55

66 182 193 236 soribus
209 181 283 232 enim
295 180 420 233 Caesaris
436 189 550 235 senatus
561 180 679 234 ferebat.
714 183 910 235 Antoniusne.

70 255 149 305 cos,
163 253 286 317 partium
299 246 439 315 Caesaris,
460 252 680 316 civilibus-bellis
691 255 849 319 opprimere
861 256 910 321 708

71 337 125 382 eos
136 321 305 372 conabatur.
342 321 416 387 Ergo
427 324 542 373 turbata
551 321 696 387 republica
706 322 851 372 nrultaAn·

69 392 177 441 tonius
188 389 296 440 scelera
307 391 496 452 committens,
512 406 530 441 a
540 396 639 442 senatu
651 389 739 441 bostis
749 391 851 443 iudica·

71 466 124 511 tus
146 465 201 513 est.
238 458 316 510 Missi
331 458 367 509 ad
382 474 444 509 eum
461 459 682 528 persequendum
694 460 749 510 duo
760 472 911 511 coseau.

71 527 178 580 Pansa
188 532 218 578 et
226 527 348 589 Hirtius,
358 532 388 578 ct
398 524 565 579 Octavianus
576 528 739 580 adolescens
745 564 753 591 ,
764 543 851 579 annos
862 546 911 600 709

72 612 95 649 x
109 602 222 648 etvrrr
233 602 328 656 natus,
349 597 474 647 Caesaris
489 612 588 662 nepos,
609 613 690 665 quem
705 597 754 649 illo
769 603 864 652 testa-r

74 670 183 719 mento
198 663 327 717 heredem
342 663 507 731 reliquerat,
527 672 556 716 et
571 681 671 718 nomen
685 681 765 717 suum
778 665 852 718 ferre

76 738 216 786 iusserat.
251 735 305 784 llic
317 739 373 796 cst,
384 736 430 801 qui
442 740 540 800 postea
549 731 689 803 Augustus
700 742 742 787 est
753 734 853 798 dictus,

79 811 114 856 et
123 818 219 854 rerum
230 806 343 868 potitus.
363 803 588 869 Quaereproleeti
598 806 853 857 eontrallntonium

69 879 146 924 -tres
157 871 254 931 duces,
263 874 389 922 vicerunt
398 887 470 922 eum.
506 874 606 925 Evenit
616 879 717 937 tamen,
728 882 761 924 ut
769 877 854 925 victo·

79 955 133 993 res
145 951 236 990 coss.
247 940 329 990 ambo
343 945 526 992 morerentur.
544 942 639 1004 Quare
645 949 703 996 tres
714 945 854 995 exereitus
887 943 890 950 '

79 1010 134 1061 uni
146 1009 391 1075 Caesaribugusto
401 1016 561 1075 paruerunt.

138 1078 188 1127 Ca
197 1092 222 1143 p.
240 1077 274 1128 ll.
310 1073 436 1148 Fugatus
445 1080 592 1142 Antonius,
603 1078 705 1129 amisso
717 1078 855 1142 exercitu,

80 1146 213 1212 confugit
226 1146 262 1210 ad
272 1146 421 1212 Lepidum,
440 1147 486 1214 qui
499 1148 625 1199 Caesaris
638 1148 770 1214 magister
779 1149 854 1214 equi-

83 1224 145 1266 tum
157 1213 262 1277 luerat,
281 1221 311 1267 et
325 1222 392 1266 tunc
403 1217 495 1281 copias
509 1217 629 1268 militum
640 1215 760 1284 grandes
771 1214 854 1268 habe·

45 1320 50 1327 -
83 1286 149 1347 bat3
167 1299 186 1334 a
204 1299 259 1351 quo
279 1290 422 1350 susceptus
437 1292 493 1342 est.
531 1288 599 1337 Mox
615 1286 719 1352 Lepido
740 1300 854 1351 operam

86 1354 172 1404 dante
177 1390 185 1416 ,
206 1356 309 1405 Caesar
324 1368 386 1405 cum
396 1357 517 1406 Antonio
528 1371 623 1422 pacem
636 1355 715 1418 facit,
735 1362 764 1407 et
774 1357 855 1422 quasi
930 1399 932 1402 ,

83 1422 277 1476 vindicaturus
298 1425 444 1491 patrissui
460 1432 592 1488 mortem,
611 1441 629 1476 a
643 1439 698 1494 quo
710 1430 854 1491 pertesta-

81 1498 212 1545 unentum
229 1492 321 1547 fuerat
336 1494 484 1559 adoptatus
492 1495 635 1557 (Romam
650 1510 712 1546 eum
729 1497 855 1547 exercitu

88 1560 246 1628 proiectus,
266 1565 398 1626 extorsit,
417 1570 450 1614 ut
468 1564 521 1614 sibi
542 1580 586 1616 xx
600 1579 672 1615 anno
693 1563 855 1615 consulatus

86 1629 365 1687 emunctoriorum
377 1636 553 1701 proscripsit,
563 1648 624 1683 cum
635 1630 755 1681 Antonio
766 1637 795 1682 et
805 1633 856 1683 Le-
920 1662 921 1667 κ

85 1700 167 1818 Εἰάο,
186 1704 215 1751 ct
233 1703 433 1769 rempublicam
453 1706 538 1755 armis
554 1702 765 1767 tenerecoepit
800 1699 856 1752 Per

24 1773 41 1783 ’“
113 1770 234 1889 οἰῗιὶαπι
246 1773 343 1825 Cicero
359 1770 856 1839 oratoroccisusest,multiquealii
902 1784 906 1792 ·

90 1850 129 1891 no
148 1840 206 1889 ies.
332 1884 336 1894 ,
706 1852 708 1855 ’
792 1884 794 1887 ,

144 1909 190 1958 Ca
200 1923 226 1974 p.
244 1910 292 1963 111.
312 1908 370 1974 (11.)
405 1912 517 1965 Interea
527 1913 632 1963 Brutus
644 1914 673 1962 et
683 1909 803 1970 Cassius,
814 1910 856 1959 in-

90 1975 256 2031 terfectores
281 1981 421 2041 Caesaris,
437 1984 545 2048 ingens
565 1981 668 2031 bellum
696 1982 917 2033 moveruntzau.

89 2047 249 2097 erantenim
261 2050 684 2113 perMaccdoniumetOrientem
693 2047 771 2098 multi
778 2064 855 2100 exer·
867 2069 919 2122 710

92 2116 176 2176 citus,
195 2131 265 2183 quos
280 2126 492 2184 occupaverunt.
528 2118 650 2173 Profecti
662 2119 747 2185 igitur
758 2123 857 2169 contra

94 2196 142 2236 eos
154 2185 254 2236 Caesar
274 2188 441 2238 Octavianus
461 2190 602 2255 Augustus
621 2195 650 2239 et
672 2189 709 2238 M.
720 2187 857 2241 Antonius

94 2254 857 2321 (remanserateniruaddefendendamltaliamLepidus)

89 2321 166 2387 apud
176 2316 327 2389 Philippos,
337 2324 519 2378 Macedoniae
530 2329 635 2384 urbem,
646 2331 800 2376 contraeas
811 2340 858 2391 pu-

97 2397 255 2456 gnaverunt.
292 2390 387 2442 Primo
403 2394 509 2458 proelio
525 2395 589 2444 victi
606 2400 672 2443 sunt
682 2395 818 2445 Antonius
829 2399 859 2445 et

97 2460 207 2520 Caesam
228 2460 312 2525 periit
328 2464 419 2511 tamen
434 2463 490 2512 dux
506 2462 662 2512 nobilitatis
673 2462 797 2511 Cassius:
816 2477 858 2512 se·
898 2513 908 2520 „
977 2468 987 2483 ¹

97 2526 185 2577 cundo
195 2527 314 2578 Brutum
327 2534 357 2580 et
367 2530 501 2589 infinitam
514 2530 702 2590 nobilitatem,
714 2541 858 2596 quaecum

97 2596 152 2648 illis
161 2594 265 2648 bellum
273 2598 743 2667 generaturuminterfecerunt.
770 2596 809 2646 Ae
818 2594 858 2641 sic
